<?xml version="1.0" encoding="UTF-8"?>
<!DOCTYPE html PUBLIC "-//W3C//DTD XHTML 1.0 Transitional//EN"
    "http://www.w3.org/TR/xhtml1/DTD/xhtml1-transitional.dtd">
<html xmlns="http://www.w3.org/1999/xhtml" xml:lang="en" lang="en">
 <head>
  <title>
</title>
<meta http-equiv="Content-Type" content="text/html;charset=utf-8" />
  <meta name='ocr-system' content='tesseract 3.04.00' />
  <meta name='ocr-capabilities' content='ocr_page ocr_carea ocr_par ocr_line ocrx_word'/>
</head>
<body>
  <div class='ocr_page' id='page_1' title='image "./mfabiquintilian00hildgoog_0045.png"; bbox 0 0 2872 4966; ppageno 0'>
   <div class='ocr_carea' id='block_1_1' title="bbox 650 299 788 362">
    <p class='ocr_par' dir='ltr' id='par_1_1' title="bbox 650 299 788 362">
     <span class='ocr_line' id='line_1_1' title="bbox 650 299 788 362; baseline -0.029 -14"><span class='ocrx_word' id='word_1_1' title='bbox 650 299 788 362; x_wconf 76' lang='grc'>..4-</span> 
     </span>
    </p>
   </div>
   <div class='ocr_carea' id='block_1_2' title="bbox 174 448 1257 1714">
    <p class='ocr_par' dir='ltr' id='par_1_2' title="bbox 235 448 1257 830">
     <span class='ocr_line' id='line_1_2' title="bbox 236 448 1257 536; baseline -0.007 -19"><span class='ocrx_word' id='word_1_2' title='bbox 236 454 319 517; x_wconf 88' lang='lat' dir='ltr'><strong>mina</strong></span> <span class='ocrx_word' id='word_1_3' title='bbox 334 455 561 536; x_wconf 82' lang='lat' dir='ltr'><strong>praeparandus</strong></span> <span class='ocrx_word' id='word_1_4' title='bbox 583 455 634 514; x_wconf 82' lang='lat' dir='ltr'><strong>sit.</strong></span> <span class='ocrx_word' id='word_1_5' title='bbox 650 455 748 532; x_wconf 80' lang='lat' dir='ltr'>Igitur</span> <span class='ocrx_word' id='word_1_6' title='bbox 760 473 843 531; x_wconf 88' lang='lat' dir='ltr'><strong>eum,</strong></span> <span class='ocrx_word' id='word_1_7' title='bbox 858 451 911 531; x_wconf 92' lang='lat' dir='ltr'><strong>qui</strong></span> <span class='ocrx_word' id='word_1_8' title='bbox 926 471 976 512; x_wconf 90' lang='lat' dir='ltr'><strong>res</strong></span> <span class='ocrx_word' id='word_1_9' title='bbox 991 449 1127 512; x_wconf 74' lang='lat' dir='ltr'><strong>invenire</strong></span> <span class='ocrx_word' id='word_1_10' title='bbox 1140 455 1171 511; x_wconf 87' lang='lat' dir='ltr'><strong>et</strong></span> <span class='ocrx_word' id='word_1_11' title='bbox 1185 448 1257 510; x_wconf 83' lang='lat' dir='ltr'><strong>dis·</strong></span> 
     </span>
     <span class='ocr_line' id='line_1_3' title="bbox 235 551 1257 636; baseline -0.006 -20"><span class='ocrx_word' id='word_1_12' title='bbox 235 575 348 636; x_wconf 87' lang='lat' dir='ltr'><strong>ponere</strong></span> <span class='ocrx_word' id='word_1_13' title='bbox 362 556 447 633; x_wconf 85' lang='lat' dir='ltr'><strong>sciet,</strong></span> <span class='ocrx_word' id='word_1_14' title='bbox 464 554 555 613; x_wconf 79' lang='lat' dir='ltr'><strong>rerba</strong></span> <span class='ocrx_word' id='word_1_15' title='bbox 569 573 690 631; x_wconf 86' lang='lat' dir='ltr'><strong>quoque</strong></span> <span class='ocrx_word' id='word_1_16' title='bbox 703 560 732 613; x_wconf 91' lang='lat' dir='ltr'><strong>el</strong></span> <span class='ocrx_word' id='word_1_17' title='bbox 747 554 878 630; x_wconf 79' lang='lat' dir='ltr'><strong>eligendi</strong></span> <span class='ocrx_word' id='word_1_18' title='bbox 889 559 918 610; x_wconf 90' lang='lat' dir='ltr'><strong>et</strong></span> <span class='ocrx_word' id='word_1_19' title='bbox 928 551 1094 612; x_wconf 89' lang='lat' dir='ltr'><strong>collocandi</strong></span> <span class='ocrx_word' id='word_1_20' title='bbox 1103 551 1257 611; x_wconf 85' lang='lat' dir='ltr'><strong>rationem</strong></span> 
     </span>
     <span class='ocr_line' id='line_1_4' title="bbox 235 649 1257 732; baseline -0.005 -19"><span class='ocrx_word' id='word_1_21' title='bbox 235 653 415 732; x_wconf 87' lang='lat' dir='ltr'><strong>perceperit,</strong></span> <span class='ocrx_word' id='word_1_22' title='bbox 442 654 643 727; x_wconf 63' lang='lat' dir='ltr'><strong>instruamus</strong></span> <span class='ocrx_word' id='word_1_23' title='bbox 667 670 727 728; x_wconf 91' lang='lat' dir='ltr'><strong>qua</strong></span> <span class='ocrx_word' id='word_1_24' title='bbox 753 652 868 710; x_wconf 84' lang='lat' dir='ltr'><strong>ratione</strong></span> <span class='ocrx_word' id='word_1_25' title='bbox 891 650 971 728; x_wconf 86' lang='lat' dir='ltr'><strong>quod</strong></span> <span class='ocrx_word' id='word_1_26' title='bbox 1000 649 1139 708; x_wconf 88' lang='lat' dir='ltr'><strong>didicerit</strong></span> <span class='ocrx_word' id='word_1_27' title='bbox 1152 649 1257 708; x_wconf 86' lang='lat' dir='ltr'><strong>facere</strong></span> 
     </span>
     <span class='ocr_line' id='line_1_5' title="bbox 235 749 849 830; baseline -0.005 -20"><span class='ocrx_word' id='word_1_28' title='bbox 235 771 329 830; x_wconf 86' lang='lat' dir='ltr'><strong>quam</strong></span> <span class='ocrx_word' id='word_1_29' title='bbox 343 751 467 830; x_wconf 88' lang='lat' dir='ltr'><strong>optime,</strong></span> <span class='ocrx_word' id='word_1_30' title='bbox 481 768 574 827; x_wconf 86' lang='lat' dir='ltr'><strong>quam</strong></span> <span class='ocrx_word' id='word_1_31' title='bbox 590 749 732 808; x_wconf 78' lang='lat' dir='ltr'><strong>facillime</strong></span> <span class='ocrx_word' id='word_1_32' title='bbox 745 751 849 827; x_wconf 84' lang='lat' dir='ltr'><strong>possit.</strong></span> 
     </span>
    </p>

    <p class='ocr_par' dir='ltr' id='par_1_3' title="bbox 174 847 1257 1125">
     <span class='ocr_line' id='line_1_6' title="bbox 174 847 1257 926; baseline -0.001 -19"><span class='ocrx_word' id='word_1_33' title='bbox 174 872 195 907; x_wconf 75' lang='lat' dir='ltr'><strong>r</strong></span> <span class='ocrx_word' id='word_1_34' title='bbox 275 852 357 910; x_wconf 80' lang='lat' dir='ltr'><strong>Num</strong></span> <span class='ocrx_word' id='word_1_35' title='bbox 384 869 456 926; x_wconf 79' lang='lat' dir='ltr'><strong>ergo</strong></span> <span class='ocrx_word' id='word_1_36' title='bbox 479 849 609 908; x_wconf 77' lang='lat' dir='ltr'><strong>flubium</strong></span> <span class='ocrx_word' id='word_1_37' title='bbox 632 855 689 925; x_wconf 84' lang='lat' dir='ltr'><strong>est,</strong></span> <span class='ocrx_word' id='word_1_38' title='bbox 714 848 830 925; x_wconf 83' lang='lat' dir='ltr'><strong>quinci</strong></span> <span class='ocrx_word' id='word_1_39' title='bbox 845 848 927 907; x_wconf 74' lang='lat' dir='ltr'><strong>velut</strong></span> <span class='ocrx_word' id='word_1_40' title='bbox 941 866 1013 926; x_wconf 90' lang='lat' dir='ltr'><strong>opes</strong></span> <span class='ocrx_word' id='word_1_41' title='bbox 1028 847 1088 906; x_wconf 89' lang='lat' dir='ltr'><strong>sint</strong></span> <span class='ocrx_word' id='word_1_42' title='bbox 1102 847 1257 924; x_wconf 81' lang='lat' dir='ltr'><strong>quaedam</strong></span> 
     </span>
     <span class='ocr_line' id='line_1_7' title="bbox 237 945 1256 1028; baseline -0.004 -20"><span class='ocrx_word' id='word_1_43' title='bbox 237 949 400 1028; x_wconf 83' lang='lat' dir='ltr'><strong>parandae,</strong></span> <span class='ocrx_word' id='word_1_44' title='bbox 415 949 528 1026; x_wconf 87' lang='lat' dir='ltr'><strong>quibus</strong></span> <span class='ocrx_word' id='word_1_45' title='bbox 543 949 599 1024; x_wconf 89' lang='lat' dir='ltr'><strong>uti,</strong></span> <span class='ocrx_word' id='word_1_46' title='bbox 616 947 802 1024; x_wconf 89' lang='lat' dir='ltr'><strong>ubicumque</strong></span> <span class='ocrx_word' id='word_1_47' title='bbox 816 947 1021 1005; x_wconf 86' lang='lat' dir='ltr'><strong>desideratum</strong></span> <span class='ocrx_word' id='word_1_48' title='bbox 1044 946 1113 1024; x_wconf 87' lang='lat' dir='ltr'><strong>erit,</strong></span> <span class='ocrx_word' id='word_1_49' title='bbox 1128 945 1256 1024; x_wconf 79' lang='lat' dir='ltr'><strong>possit?</strong></span> 
     </span>
     <span class='ocr_line' id='line_1_8' title="bbox 237 1045 1257 1125; baseline -0.004 -17"><span class='ocrx_word' id='word_1_50' title='bbox 237 1050 297 1108; x_wconf 79' lang='lat' dir='ltr'><strong>Fae</strong></span> <span class='ocrx_word' id='word_1_51' title='bbox 320 1053 458 1117; x_wconf 85' lang='lat' dir='ltr'><strong>constant</strong></span> <span class='ocrx_word' id='word_1_52' title='bbox 482 1048 567 1125; x_wconf 91' lang='lat' dir='ltr'><strong>copia</strong></span> <span class='ocrx_word' id='word_1_53' title='bbox 591 1066 696 1105; x_wconf 85' lang='lat' dir='ltr'><strong>rernm</strong></span> <span class='ocrx_word' id='word_1_54' title='bbox 719 1065 754 1106; x_wconf 93' lang='lat' dir='ltr'><strong>ac</strong></span> <span class='ocrx_word' id='word_1_55' title='bbox 775 1045 953 1105; x_wconf 80' lang='lat' dir='ltr'><strong>verborum.</strong></span> <span class='ocrx_word' id='word_1_56' title='bbox 974 1046 1033 1106; x_wconf 86' lang='lat' dir='ltr'><strong>Sed</strong></span> <span class='ocrx_word' id='word_1_57' title='bbox 1048 1065 1098 1105; x_wconf 88' lang='lat' dir='ltr'><strong>res</strong></span> <span class='ocrx_word' id='word_1_58' title='bbox 1112 1046 1257 1124; x_wconf 87' lang='lat' dir='ltr'><strong>propriae</strong></span> 
     </span>
    </p>

    <p class='ocr_par' dir='ltr' id='par_1_4' title="bbox 176 1144 1256 1714">
     <span class='ocr_line' id='line_1_9' title="bbox 176 1144 1256 1224; baseline 0 -21"><span class='ocrx_word' id='word_1_59' title='bbox 176 1147 196 1203; x_wconf 77' lang='lat'><strong>6</strong></span> <span class='ocrx_word' id='word_1_60' title='bbox 241 1154 315 1206; x_wconf 90' lang='lat' dir='ltr'><strong>sunt</strong></span> <span class='ocrx_word' id='word_1_61' title='bbox 338 1147 487 1224; x_wconf 88' lang='lat' dir='ltr'><strong>cujusque</strong></span> <span class='ocrx_word' id='word_1_62' title='bbox 514 1164 624 1206; x_wconf 87' lang='lat' dir='ltr'><strong>causae</strong></span> <span class='ocrx_word' id='word_1_63' title='bbox 637 1151 689 1205; x_wconf 92' lang='lat' dir='ltr'><strong>aut</strong></span> <span class='ocrx_word' id='word_1_64' title='bbox 704 1146 809 1223; x_wconf 85' lang='lat' dir='ltr'>paucis</span> <span class='ocrx_word' id='word_1_65' title='bbox 823 1164 1013 1221; x_wconf 87' lang='lat' dir='ltr'><strong>communes,</strong></span> <span class='ocrx_word' id='word_1_66' title='bbox 1027 1145 1120 1204; x_wconf 79' lang='lat' dir='ltr'><strong>rerba</strong></span> <span class='ocrx_word' id='word_1_67' title='bbox 1133 1146 1166 1204; x_wconf 92' lang='lat' dir='ltr'><strong>in</strong></span> <span class='ocrx_word' id='word_1_68' title='bbox 1180 1144 1256 1203; x_wconf 91' lang='lat' dir='ltr'><strong>uni-</strong></span> 
     </span>
     <span class='ocr_line' id='line_1_10' title="bbox 236 1242 1255 1323; baseline -0.003 -19"><span class='ocrx_word' id='word_1_69' title='bbox 236 1263 339 1304; x_wconf 88' lang='lat' dir='ltr'><strong>versas</strong></span> <span class='ocrx_word' id='word_1_70' title='bbox 364 1243 496 1323; x_wconf 87' lang='lat' dir='ltr'><strong>paranda</strong></span> <span class='ocrx_word' id='word_1_71' title='bbox 511 1263 517 1301; x_wconf 92' lang='lat'>:</span> <span class='ocrx_word' id='word_1_72' title='bbox 541 1259 623 1320; x_wconf 89' lang='lat' dir='ltr'><strong>quae</strong></span> <span class='ocrx_word' id='word_1_73' title='bbox 638 1243 663 1301; x_wconf 88' lang='lat' dir='ltr'><strong>si</strong></span> <span class='ocrx_word' id='word_1_74' title='bbox 678 1243 770 1302; x_wconf 90' lang='lat' dir='ltr'><strong>rebus</strong></span> <span class='ocrx_word' id='word_1_75' title='bbox 785 1242 913 1320; x_wconf 81' lang='lat' dir='ltr'><strong>singulis</strong></span> <span class='ocrx_word' id='word_1_76' title='bbox 926 1248 1030 1302; x_wconf 80' lang='lat' dir='ltr'><strong>essent</strong></span> <span class='ocrx_word' id='word_1_77' title='bbox 1042 1242 1174 1320; x_wconf 80' lang='lat' dir='ltr'><strong>singula,</strong></span> <span class='ocrx_word' id='word_1_78' title='bbox 1191 1243 1255 1300; x_wconf 89' lang='lat' dir='ltr'><strong>rni-</strong></span> 
     </span>
     <span class='ocr_line' id='line_1_11' title="bbox 240 1340 1254 1419; baseline -0.002 -18"><span class='ocrx_word' id='word_1_79' title='bbox 240 1361 345 1401; x_wconf 89' lang='lat' dir='ltr'><strong>norem</strong></span> <span class='ocrx_word' id='word_1_80' title='bbox 359 1360 464 1400; x_wconf 85' lang='lat' dir='ltr'><strong>curam</strong></span> <span class='ocrx_word' id='word_1_81' title='bbox 479 1340 664 1419; x_wconf 73' lang='lat' dir='ltr'><strong>postularent</strong></span> <span class='ocrx_word' id='word_1_82' title='bbox 683 1358 689 1396; x_wconf 93' lang='lat'>:</span> <span class='ocrx_word' id='word_1_83' title='bbox 715 1360 785 1398; x_wconf 86' lang='lat' dir='ltr'><strong>narn</strong></span> <span class='ocrx_word' id='word_1_84' title='bbox 800 1346 910 1399; x_wconf 89' lang='lat' dir='ltr'><strong>cuncta</strong></span> <span class='ocrx_word' id='word_1_85' title='bbox 924 1359 991 1398; x_wconf 83' lang='lat' dir='ltr'><strong>sese</strong></span> <span class='ocrx_word' id='word_1_86' title='bbox 1005 1359 1075 1399; x_wconf 91' lang='lat' dir='ltr'><strong>cum</strong></span> <span class='ocrx_word' id='word_1_87' title='bbox 1090 1340 1165 1418; x_wconf 91' lang='lat' dir='ltr'><strong>ipsis</strong></span> <span class='ocrx_word' id='word_1_88' title='bbox 1179 1359 1254 1419; x_wconf 91' lang='lat' dir='ltr'><strong>pro-</strong></span> 
     </span>
     <span class='ocr_line' id='line_1_12' title="bbox 239 1438 1256 1522; baseline 0 -25"><span class='ocrx_word' id='word_1_89' title='bbox 239 1441 323 1499; x_wconf 85' lang='lat' dir='ltr'><strong>tinus</strong></span> <span class='ocrx_word' id='word_1_90' title='bbox 346 1439 437 1498; x_wconf 88' lang='lat' dir='ltr'><strong>rebus</strong></span> <span class='ocrx_word' id='word_1_91' title='bbox 461 1441 614 1522; x_wconf 79' lang='lat' dir='ltr'><strong>offerrent.</strong></span> <span class='ocrx_word' id='word_1_92' title='bbox 641 1438 698 1497; x_wconf 81' lang='lat' dir='ltr'><strong>Sed</strong></span> <span class='ocrx_word' id='word_1_93' title='bbox 724 1458 793 1497; x_wconf 83' lang='lat' dir='ltr'><strong>cunr</strong></span> <span class='ocrx_word' id='word_1_94' title='bbox 820 1440 880 1497; x_wconf 85' lang='lat' dir='ltr'><strong>sint</strong></span> <span class='ocrx_word' id='word_1_95' title='bbox 904 1438 972 1497; x_wconf 90' lang='lat' dir='ltr'><strong>aliis</strong></span> <span class='ocrx_word' id='word_1_96' title='bbox 995 1438 1054 1498; x_wconf 91' lang='lat' dir='ltr'><strong>alia</strong></span> <span class='ocrx_word' id='word_1_97' title='bbox 1080 1445 1134 1497; x_wconf 91' lang='lat' dir='ltr'><strong>aut</strong></span> <span class='ocrx_word' id='word_1_98' title='bbox 1156 1439 1256 1515; x_wconf 84' lang='lat' dir='ltr'><strong>magis</strong></span> 
     </span>
     <span class='ocr_line' id='line_1_13' title="bbox 239 1537 1256 1617; baseline 0.001 -21"><span class='ocrx_word' id='word_1_99' title='bbox 239 1539 359 1617; x_wconf 92' lang='lat' dir='ltr'><strong>propria</strong></span> <span class='ocrx_word' id='word_1_100' title='bbox 382 1543 434 1596; x_wconf 89' lang='lat' dir='ltr'><strong>aut</strong></span> <span class='ocrx_word' id='word_1_101' title='bbox 456 1537 554 1614; x_wconf 85' lang='lat' dir='ltr'><strong>magis</strong></span> <span class='ocrx_word' id='word_1_102' title='bbox 577 1543 682 1595; x_wconf 91' lang='lat' dir='ltr'><strong>ornata</strong></span> <span class='ocrx_word' id='word_1_103' title='bbox 704 1544 756 1596; x_wconf 88' lang='lat' dir='ltr'><strong>aul</strong></span> <span class='ocrx_word' id='word_1_104' title='bbox 781 1538 850 1616; x_wconf 88' lang='lat' dir='ltr'><strong>plus</strong></span> <span class='ocrx_word' id='word_1_105' title='bbox 875 1538 1037 1597; x_wconf 86' lang='lat' dir='ltr'><strong>efficientia</strong></span> <span class='ocrx_word' id='word_1_106' title='bbox 1064 1544 1116 1597; x_wconf 91' lang='lat' dir='ltr'><strong>aut</strong></span> <span class='ocrx_word' id='word_1_107' title='bbox 1142 1537 1256 1598; x_wconf 88' lang='lat' dir='ltr'><strong>melius</strong></span> 
     </span>
     <span class='ocr_line' id='line_1_14' title="bbox 237 1635 1255 1714; baseline 0 -20"><span class='ocrx_word' id='word_1_108' title='bbox 237 1637 386 1712; x_wconf 85' lang='lat' dir='ltr'><strong>sonantia,</strong></span> <span class='ocrx_word' id='word_1_109' title='bbox 403 1635 515 1695; x_wconf 85' lang='lat' dir='ltr'><strong>debent</strong></span> <span class='ocrx_word' id='word_1_110' title='bbox 528 1653 595 1694; x_wconf 86' lang='lat' dir='ltr'><strong>esse</strong></span> <span class='ocrx_word' id='word_1_111' title='bbox 609 1653 669 1693; x_wconf 92' lang='lat' dir='ltr'><strong>non</strong></span> <span class='ocrx_word' id='word_1_112' title='bbox 686 1635 784 1694; x_wconf 88' lang='lat' dir='ltr'><strong>solum</strong></span> <span class='ocrx_word' id='word_1_113' title='bbox 801 1641 870 1694; x_wconf 89' lang='lat' dir='ltr'><strong>nota</strong></span> <span class='ocrx_word' id='word_1_114' title='bbox 880 1636 993 1712; x_wconf 88' lang='lat' dir='ltr'><strong>omnia,</strong></span> <span class='ocrx_word' id='word_1_115' title='bbox 1004 1636 1057 1694; x_wconf 89' lang='lat' dir='ltr'><strong>sed</strong></span> <span class='ocrx_word' id='word_1_116' title='bbox 1068 1635 1255 1714; x_wconf 90' lang='lat' dir='ltr'><strong>inpromptu</strong></span> 
     </span>
    </p>
   </div>
   <div class='ocr_carea' id='block_1_3' title="bbox 138 1768 694 4407">
    <p class='ocr_par' dir='ltr' id='par_1_5' title="bbox 176 1768 694 2620">
     <span class='ocr_line' id='line_1_15' title="bbox 176 1768 691 1824; baseline -0.008 0"><span class='ocrx_word' id='word_1_117' title='bbox 176 1771 262 1824; x_wconf 87' lang='lat' dir='ltr'><strong>circo</strong></span> <span class='ocrx_word' id='word_1_118' title='bbox 269 1769 473 1823; x_wconf 76' lang='lat' dir='ltr'><strong>discentibus</strong></span> <span class='ocrx_word' id='word_1_119' title='bbox 485 1768 625 1821; x_wconf 82' lang='lat' dir='ltr'><strong>tradunt</strong></span> <span class='ocrx_word' id='word_1_120' title='bbox 633 1771 691 1821; x_wconf 87' lang='lat' dir='ltr'><strong>etc.</strong></span> 
     </span>
     <span class='ocr_line' id='line_1_16' title="bbox 176 1838 693 1912; baseline -0.01 -16"><span class='ocrx_word' id='word_1_121' title='bbox 176 1839 329 1912; x_wconf 84' lang='lat' dir='ltr'><strong>Lorsqu&#39;il</strong></span> <span class='ocrx_word' id='word_1_122' title='bbox 355 1840 445 1909; x_wconf 80' lang='lat' dir='ltr'><strong>s&#39;agit</strong></span> <span class='ocrx_word' id='word_1_123' title='bbox 468 1838 522 1893; x_wconf 85' lang='lat' dir='ltr'><strong>des</strong></span> <span class='ocrx_word' id='word_1_124' title='bbox 545 1838 693 1892; x_wconf 85' lang='lat' dir='ltr'><strong>exercices</strong></span> 
     </span>
     <span class='ocr_line' id='line_1_17' title="bbox 176 1910 693 1984; baseline 0.004 -22"><span class='ocrx_word' id='word_1_125' title='bbox 176 1913 212 1966; x_wconf 69' lang='lat' dir='ltr'><strong>ile</strong></span> <span class='ocrx_word' id='word_1_126' title='bbox 228 1912 258 1966; x_wconf 87' lang='lat' dir='ltr'><strong>la</strong></span> <span class='ocrx_word' id='word_1_127' title='bbox 273 1910 419 1984; x_wconf 83' lang='lat' dir='ltr'><strong>palestre,</strong></span> <span class='ocrx_word' id='word_1_128' title='bbox 436 1925 475 1964; x_wconf 91' lang='lat' dir='ltr'><strong>on</strong></span> <span class='ocrx_word' id='word_1_129' title='bbox 493 1915 600 1964; x_wconf 81' lang='lat' dir='ltr'><strong>trouve</strong></span> <span class='ocrx_word' id='word_1_130' title='bbox 620 1925 693 1964; x_wconf 81' lang='lat' dir='ltr'><strong>avec</strong></span> 
     </span>
     <span class='ocr_line' id='line_1_18' title="bbox 176 1980 694 2038; baseline -0.01 0"><span class='ocrx_word' id='word_1_131' title='bbox 176 1982 205 2038; x_wconf 92' lang='lat' dir='ltr'><strong>le</strong></span> <span class='ocrx_word' id='word_1_132' title='bbox 231 1988 330 2038; x_wconf 81' lang='lat' dir='ltr'><strong>meme</strong></span> <span class='ocrx_word' id='word_1_133' title='bbox 358 1997 428 2036; x_wconf 85' lang='lat' dir='ltr'><strong>sens</strong></span> <span class='ocrx_word' id='word_1_134' title='bbox 459 1996 574 2035; x_wconf 75' lang='lat' dir='ltr'><strong>uerus.</strong></span> <span class='ocrx_word' id='word_1_135' title='bbox 604 1980 694 2034; x_wconf 81' lang='lat' dir='ltr'><strong>Ainsi</strong></span> 
     </span>
     <span class='ocr_line' id='line_1_19' title="bbox 177 2053 693 2121; baseline -0.004 -13"><span class='ocrx_word' id='word_1_136' title='bbox 177 2057 299 2120; x_wconf 63' lang='lat' dir='ltr'><strong>Quint..</strong></span> <span class='ocrx_word' id='word_1_137' title='bbox 314 2053 456 2121; x_wconf 79' lang='lat'>11,8‚13;</span> <span class='ocrx_word' id='word_1_138' title='bbox 472 2068 578 2106; x_wconf 77' lang='lat' dir='ltr'><strong>uerus</strong></span> <span class='ocrx_word' id='word_1_139' title='bbox 594 2056 693 2121; x_wconf 80' lang='lat' dir='ltr'><strong>atque</strong></span> 
     </span>
     <span class='ocr_line' id='line_1_20' title="bbox 177 2125 691 2193; baseline -0.008 -13"><span class='ocrx_word' id='word_1_140' title='bbox 177 2130 213 2180; x_wconf 88' lang='lat' dir='ltr'><strong>iu</strong></span> <span class='ocrx_word' id='word_1_141' title='bbox 225 2127 276 2180; x_wconf 80' lang='lat' dir='ltr'><strong>hic</strong></span> <span class='ocrx_word' id='word_1_142' title='bbox 292 2129 396 2180; x_wconf 78' lang='lat' dir='ltr'><strong>certor</strong></span> <span class='ocrx_word' id='word_1_143' title='bbox 414 2127 543 2193; x_wconf 78' lang='lat' dir='ltr'><strong>aliquos</strong></span> <span class='ocrx_word' id='word_1_144' title='bbox 557 2125 691 2178; x_wconf 82' lang='lat' dir='ltr'><strong>docebit.</strong></span> 
     </span>
     <span class='ocr_line' id='line_1_21' title="bbox 177 2195 693 2265; baseline -0.006 -13"><span class='ocrx_word' id='word_1_145' title='bbox 177 2197 340 2252; x_wconf 75' lang='lat' dir='ltr'><strong>Ctsnxsa.</strong></span> <span class='ocrx_word' id='word_1_146' title='bbox 353 2199 392 2250; x_wconf 85' lang='lat' dir='ltr'><strong>de</strong></span> <span class='ocrx_word' id='word_1_147' title='bbox 402 2196 514 2265; x_wconf 79' lang='lat' dir='ltr'><strong>Beuef.</strong></span> <span class='ocrx_word' id='word_1_148' title='bbox 530 2195 558 2261; x_wconf 80' lang='lat'><strong>7,</strong></span> <span class='ocrx_word' id='word_1_149' title='bbox 572 2196 587 2248; x_wconf 88' lang='lat' dir='ltr'><strong>l</strong></span> <span class='ocrx_word' id='word_1_150' title='bbox 601 2211 607 2250; x_wconf 92' lang='lat'>:</span> <span class='ocrx_word' id='word_1_151' title='bbox 627 2209 693 2249; x_wconf 93' lang='lat' dir='ltr'><strong>ma-</strong></span> 
     </span>
     <span class='ocr_line' id='line_1_22' title="bbox 177 2267 692 2336; baseline -0.01 -13"><span class='ocrx_word' id='word_1_152' title='bbox 177 2285 262 2336; x_wconf 77' lang='lat' dir='ltr'><strong>puua</strong></span> <span class='ocrx_word' id='word_1_153' title='bbox 303 2270 493 2322; x_wconf 85' lang='lat' dir='ltr'><strong>luctator...</strong></span> <span class='ocrx_word' id='word_1_154' title='bbox 535 2281 599 2320; x_wconf 86' lang='lat' dir='ltr'><strong>nou</strong></span> <span class='ocrx_word' id='word_1_155' title='bbox 635 2267 692 2335; x_wconf 82' lang='lat' dir='ltr'><strong>qui</strong></span> 
     </span>
     <span class='ocr_line' id='line_1_23' title="bbox 177 2339 693 2404; baseline -0.008 -10"><span class='ocrx_word' id='word_1_156' title='bbox 177 2355 302 2395; x_wconf 81' lang='lat' dir='ltr'><strong>omues.</strong></span> <span class='ocrx_word' id='word_1_157' title='bbox 315 2384 321 2394; x_wconf 92' lang='lat'><strong>.</strong></span> <span class='ocrx_word' id='word_1_158' title='bbox 333 2384 356 2394; x_wconf 94' lang='lat'><strong>..</strong></span> <span class='ocrx_word' id='word_1_159' title='bbox 385 2354 501 2393; x_wconf 75' lang='lat' dir='ltr'><strong>naxus.</strong></span> <span class='ocrx_word' id='word_1_160' title='bbox 514 2382 519 2392; x_wconf 89' lang='lat'><strong>.</strong></span> <span class='ocrx_word' id='word_1_161' title='bbox 532 2382 555 2392; x_wconf 91' lang='lat'><strong>..</strong></span> <span class='ocrx_word' id='word_1_162' title='bbox 575 2339 693 2404; x_wconf 82' lang='lat' dir='ltr'><strong>perai-</strong></span> 
     </span>
     <span class='ocr_line' id='line_1_24' title="bbox 178 2407 693 2477; baseline -0.006 -12"><span class='ocrx_word' id='word_1_163' title='bbox 178 2414 267 2466; x_wconf 84' lang='lat' dir='ltr'><strong>dicit.</strong></span> <span class='ocrx_word' id='word_1_164' title='bbox 287 2411 358 2465; x_wconf 81' lang='lat' dir='ltr'><strong>Jav.</strong></span> <span class='ocrx_word' id='word_1_165' title='bbox 381 2411 432 2477; x_wconf 81' lang='lat' dir='ltr'><strong>vl,</strong></span> <span class='ocrx_word' id='word_1_166' title='bbox 455 2409 518 2476; x_wconf 72' lang='lat'><strong>249,</strong></span> <span class='ocrx_word' id='word_1_167' title='bbox 542 2408 587 2463; x_wconf 89' lang='lat' dir='ltr'><strong>dit</strong></span> <span class='ocrx_word' id='word_1_168' title='bbox 605 2409 642 2463; x_wconf 88' lang='lat' dir='ltr'><strong>de</strong></span> <span class='ocrx_word' id='word_1_169' title='bbox 662 2407 693 2462; x_wconf 91' lang='lat' dir='ltr'><strong>la</strong></span> 
     </span>
     <span class='ocr_line' id='line_1_25' title="bbox 179 2478 692 2552; baseline -0.002 -17"><span class='ocrx_word' id='word_1_170' title='bbox 179 2483 290 2537; x_wconf 82' lang='lat' dir='ltr'><strong>lemme</strong></span> <span class='ocrx_word' id='word_1_171' title='bbox 307 2481 360 2552; x_wconf 89' lang='lat' dir='ltr'><strong>qni</strong></span> <span class='ocrx_word' id='word_1_172' title='bbox 375 2480 507 2536; x_wconf 81' lang='lat' dir='ltr'><strong>descend</strong></span> <span class='ocrx_word' id='word_1_173' title='bbox 518 2480 596 2534; x_wconf 85' lang='lat' dir='ltr'><strong>dans</strong></span> <span class='ocrx_word' id='word_1_174' title='bbox 607 2478 692 2534; x_wconf 79' lang='lat' dir='ltr'><strong>l&#39;are-</strong></span> 
     </span>
     <span class='ocr_line' id='line_1_26' title="bbox 178 2554 691 2620; baseline -0.006 -13"><span class='ocrx_word' id='word_1_175' title='bbox 178 2569 235 2607; x_wconf 85' lang='lat' dir='ltr'><strong>ne:</strong></span> <span class='ocrx_word' id='word_1_176' title='bbox 258 2569 369 2608; x_wconf 79' lang='lat' dir='ltr'><strong>oraues</strong></span> <span class='ocrx_word' id='word_1_177' title='bbox 392 2554 507 2620; x_wconf 78' lang='lat' dir='ltr'><strong>implet</strong></span> <span class='ocrx_word' id='word_1_178' title='bbox 533 2566 691 2606; x_wconf 76' lang='lat' dir='ltr'><strong>nuirnaos.</strong></span> 
     </span>
    </p>

    <p class='ocr_par' dir='ltr' id='par_1_6' title="bbox 138 2622 693 4338">
     <span class='ocr_line' id='line_1_27' title="bbox 214 2622 692 2695; baseline -0.006 -17"><span class='ocrx_word' id='word_1_179' title='bbox 214 2626 334 2694; x_wconf 75' lang='lat' dir='ltr'><strong>[ptiar.</strong></span> <span class='ocrx_word' id='word_1_180' title='bbox 344 2624 429 2679; x_wconf 83' lang='lat' dir='ltr'><strong>Cette</strong></span> <span class='ocrx_word' id='word_1_181' title='bbox 435 2623 545 2695; x_wconf 88' lang='lat' dir='ltr'><strong>phrase</strong></span> <span class='ocrx_word' id='word_1_182' title='bbox 557 2622 692 2695; x_wconf 76' lang='lat' dir='ltr'><strong>reppello</strong></span> 
     </span>
     <span class='ocr_line' id='line_1_28' title="bbox 180 2693 693 2765; baseline -0.006 -14"><span class='ocrx_word' id='word_1_183' title='bbox 180 2713 215 2751; x_wconf 88' lang='lat' dir='ltr'><strong>en</strong></span> <span class='ocrx_word' id='word_1_184' title='bbox 233 2696 259 2750; x_wconf 89' lang='lat' dir='ltr'><strong>le</strong></span> <span class='ocrx_word' id='word_1_185' title='bbox 273 2696 432 2751; x_wconf 73' lang='lat' dir='ltr'><strong>resumant</strong></span> <span class='ocrx_word' id='word_1_186' title='bbox 454 2693 558 2765; x_wconf 74' lang='lat' dir='ltr'><strong>l’olrjet</strong></span> <span class='ocrx_word' id='word_1_187' title='bbox 576 2693 628 2748; x_wconf 89' lang='lat' dir='ltr'><strong>des</strong></span> <span class='ocrx_word' id='word_1_188' title='bbox 652 2693 693 2748; x_wconf 94' lang='lat' dir='ltr'><strong>li-</strong></span> 
     </span>
     <span class='ocr_line' id='line_1_29' title="bbox 181 2765 692 2838; baseline -0.004 -17"><span class='ocrx_word' id='word_1_189' title='bbox 181 2784 248 2822; x_wconf 84' lang='lat' dir='ltr'><strong>vres</strong></span> <span class='ocrx_word' id='word_1_190' title='bbox 264 2767 459 2838; x_wconf 69' lang='lat' dir='ltr'><strong>precedente:</strong></span> <span class='ocrx_word' id='word_1_191' title='bbox 477 2765 507 2820; x_wconf 87' lang='lat' dir='ltr'><strong>la</strong></span> <span class='ocrx_word' id='word_1_192' title='bbox 523 2765 639 2820; x_wconf 85' lang='lat' dir='ltr'><strong>science</strong></span> <span class='ocrx_word' id='word_1_193' title='bbox 655 2765 692 2819; x_wconf 77' lang='lat' dir='ltr'><strong>‹le</strong></span> 
     </span>
     <span class='ocr_line' id='line_1_30' title="bbox 178 2836 690 2909; baseline -0.008 -16"><span class='ocrx_word' id='word_1_194' title='bbox 178 2838 369 2903; x_wconf 72' lang='lat' dir='ltr'><strong>l&#39;innentinn,</strong></span> <span class='ocrx_word' id='word_1_195' title='bbox 386 2839 422 2893; x_wconf 85' lang='lat' dir='ltr'><strong>de</strong></span> <span class='ocrx_word' id='word_1_196' title='bbox 444 2838 473 2891; x_wconf 84' lang='lat' dir='ltr'><strong>la</strong></span> <span class='ocrx_word' id='word_1_197' title='bbox 496 2836 690 2909; x_wconf 87' lang='lat' dir='ltr'><strong>disposition,</strong></span> 
     </span>
     <span class='ocr_line' id='line_1_31' title="bbox 178 2907 693 2980; baseline 0.002 -21"><span class='ocrx_word' id='word_1_198' title='bbox 178 2910 215 2965; x_wconf 73' lang='lat' dir='ltr'><strong>«le</strong></span> <span class='ocrx_word' id='word_1_199' title='bbox 230 2910 413 2965; x_wconf 89' lang='lat' dir='ltr'><strong>l’e&#39;locntion.</strong></span> <span class='ocrx_word' id='word_1_200' title='bbox 428 2911 469 2964; x_wconf 67' lang='lat' dir='ltr'><strong>tie</strong></span> <span class='ocrx_word' id='word_1_201' title='bbox 487 2909 540 2980; x_wconf 86' lang='lat' dir='ltr'><strong>qui</strong></span> <span class='ocrx_word' id='word_1_202' title='bbox 567 2925 605 2960; x_wconf 81' lang='lat' dir='ltr'><strong>va</strong></span> <span class='ocrx_word' id='word_1_203' title='bbox 625 2907 693 2961; x_wconf 87' lang='lat' dir='ltr'><strong>sui-</strong></span> 
     </span>
     <span class='ocr_line' id='line_1_32' title="bbox 179 2980 692 3049; baseline -0.004 -15"><span class='ocrx_word' id='word_1_204' title='bbox 179 2997 231 3035; x_wconf 79' lang='lat' dir='ltr'><strong>vrc</strong></span> <span class='ocrx_word' id='word_1_205' title='bbox 245 2984 290 3037; x_wconf 86' lang='lat' dir='ltr'><strong>est</strong></span> <span class='ocrx_word' id='word_1_206' title='bbox 299 2982 488 3036; x_wconf 85' lang='lat' dir='ltr'><strong>l&#39;indication</strong></span> <span class='ocrx_word' id='word_1_207' title='bbox 500 2980 553 3034; x_wconf 74' lang='lat' dir='ltr'><strong>cles</strong></span> <span class='ocrx_word' id='word_1_208' title='bbox 563 2994 692 3049; x_wconf 80' lang='lat' dir='ltr'><strong>nroyens</strong></span> 
     </span>
     <span class='ocr_line' id='line_1_33' title="bbox 179 3049 692 3124; baseline 0 -20"><span class='ocrx_word' id='word_1_209' title='bbox 179 3053 215 3107; x_wconf 73' lang='lat' dir='ltr'><strong>ile</strong></span> <span class='ocrx_word' id='word_1_210' title='bbox 238 3053 419 3124; x_wconf 85' lang='lat' dir='ltr'><strong>l&#39;appliquer</strong></span> <span class='ocrx_word' id='word_1_211' title='bbox 444 3052 522 3105; x_wconf 74' lang='lat' dir='ltr'><strong>«lans</strong></span> <span class='ocrx_word' id='word_1_212' title='bbox 544 3050 573 3104; x_wconf 91' lang='lat' dir='ltr'><strong>la</strong></span> <span class='ocrx_word' id='word_1_213' title='bbox 593 3049 692 3122; x_wconf 88' lang='lat' dir='ltr'><strong>prali-</strong></span> 
     </span>
     <span class='ocr_line' id='line_1_34' title="bbox 138 3121 692 3195; baseline -0.005 -16"><span class='ocrx_word' id='word_1_214' title='bbox 138 3170 142 3176; x_wconf 86' lang='grc'><em>.</em></span> <span class='ocrx_word' id='word_1_215' title='bbox 179 3141 248 3195; x_wconf 82' lang='lat' dir='ltr'><strong>que,</strong></span> <span class='ocrx_word' id='word_1_216' title='bbox 259 3124 286 3178; x_wconf 88' lang='lat' dir='ltr'><strong>lc</strong></span> <span class='ocrx_word' id='word_1_217' title='bbox 296 3125 409 3190; x_wconf 72' lang='lat' dir='ltr'><strong>micon,</strong></span> <span class='ocrx_word' id='word_1_218' title='bbox 420 3124 448 3178; x_wconf 91' lang='lat' dir='ltr'><strong>le</strong></span> <span class='ocrx_word' id='word_1_219' title='bbox 461 3122 531 3195; x_wconf 78' lang='lat' dir='ltr'><strong>plns</strong></span> <span class='ocrx_word' id='word_1_220' title='bbox 543 3121 692 3176; x_wconf 79' lang='lat' dir='ltr'><strong>aisement</strong></span> 
     </span>
     <span class='ocr_line' id='line_1_35' title="bbox 179 3193 692 3281; baseline -0.012 -30"><span class='ocrx_word' id='word_1_221' title='bbox 179 3196 323 3281; x_wconf 75' lang='lat' dir='ltr'><strong>possible.</strong></span> <span class='ocrx_word' id='word_1_222' title='bbox 340 3197 439 3251; x_wconf 82' lang='lat' dir='ltr'><strong>Verba</strong></span> <span class='ocrx_word' id='word_1_223' title='bbox 451 3198 497 3248; x_wconf 80' lang='lat' dir='ltr'><strong>est</strong></span> <span class='ocrx_word' id='word_1_224' title='bbox 508 3196 525 3247; x_wconf 79' lang='lat' dir='ltr'><strong>a</strong></span> <span class='ocrx_word' id='word_1_225' title='bbox 538 3193 692 3247; x_wconf 83' lang='lat' dir='ltr'><strong>rattaclrer</strong></span> 
     </span>
     <span class='ocr_line' id='line_1_36' title="bbox 179 3264 691 3336; baseline -0.006 -16"><span class='ocrx_word' id='word_1_226' title='bbox 179 3286 197 3320; x_wconf 86' lang='lat' dir='ltr'><strong>a</strong></span> <span class='ocrx_word' id='word_1_227' title='bbox 217 3269 361 3336; x_wconf 75' lang='lat' dir='ltr'><strong>elipandi</strong></span> <span class='ocrx_word' id='word_1_228' title='bbox 377 3272 407 3322; x_wconf 84' lang='lat' dir='ltr'><strong>et</strong></span> <span class='ocrx_word' id='word_1_229' title='bbox 421 3267 613 3331; x_wconf 75' lang='lat' dir='ltr'><strong>collocandi,</strong></span> <span class='ocrx_word' id='word_1_230' title='bbox 638 3264 691 3335; x_wconf 86' lang='lat' dir='ltr'><strong>qni</strong></span> 
     </span>
     <span class='ocr_line' id='line_1_37' title="bbox 179 3338 691 3411; baseline -0.004 -22"><span class='ocrx_word' id='word_1_231' title='bbox 179 3338 352 3411; x_wconf 75' lang='lat' dir='ltr'><strong>dependent</strong></span> <span class='ocrx_word' id='word_1_232' title='bbox 366 3338 591 3393; x_wconf 76' lang='lat' dir='ltr'><strong>demtionem.</strong></span> <span class='ocrx_word' id='word_1_233' title='bbox 608 3338 691 3391; x_wconf 89' lang='lat' dir='ltr'><strong>Per-</strong></span> 
     </span>
     <span class='ocr_line' id='line_1_38' title="bbox 179 3408 692 3481; baseline -0.008 -16"><span class='ocrx_word' id='word_1_234' title='bbox 179 3411 300 3478; x_wconf 85' lang='lat' dir='ltr'><strong>ceperit</strong></span> <span class='ocrx_word' id='word_1_235' title='bbox 315 3428 333 3463; x_wconf 92' lang='lat' dir='ltr'><strong>a</strong></span> <span class='ocrx_word' id='word_1_236' title='bbox 348 3425 425 3481; x_wconf 89' lang='lat' dir='ltr'><strong>ponr</strong></span> <span class='ocrx_word' id='word_1_237' title='bbox 440 3408 520 3479; x_wconf 84' lang='lat' dir='ltr'><strong>sajet</strong></span> <span class='ocrx_word' id='word_1_238' title='bbox 534 3409 602 3477; x_wconf 79' lang='lat' dir='ltr'><strong>qui,</strong></span> <span class='ocrx_word' id='word_1_239' title='bbox 626 3410 692 3461; x_wconf 88' lang='lat' dir='ltr'><strong>tont</strong></span> 
     </span>
     <span class='ocr_line' id='line_1_39' title="bbox 180 3479 691 3551; baseline -0.004 -16"><span class='ocrx_word' id='word_1_240' title='bbox 180 3497 296 3536; x_wconf 73' lang='lat' dir='ltr'><strong>‹rsrnnne</strong></span> <span class='ocrx_word' id='word_1_241' title='bbox 312 3483 402 3537; x_wconf 80' lang='lat' dir='ltr'><strong>sciet.</strong></span> <span class='ocrx_word' id='word_1_242' title='bbox 419 3481 463 3535; x_wconf 85' lang='lat' dir='ltr'><strong>La</strong></span> <span class='ocrx_word' id='word_1_243' title='bbox 478 3479 638 3551; x_wconf 71' lang='lat' dir='ltr'><strong>repetition</strong></span> <span class='ocrx_word' id='word_1_244' title='bbox 654 3479 691 3532; x_wconf 88' lang='lat' dir='ltr'><strong>de</strong></span> 
     </span>
     <span class='ocr_line' id='line_1_40' title="bbox 178 3550 689 3618; baseline -0.008 -10"><span class='ocrx_word' id='word_1_245' title='bbox 178 3555 356 3608; x_wconf 80' lang='lat' dir='ltr'><strong>rationem.</strong></span> <span class='ocrx_word' id='word_1_246' title='bbox 369 3597 374 3608; x_wconf 93' lang='lat'><strong>.</strong></span> <span class='ocrx_word' id='word_1_247' title='bbox 387 3598 392 3608; x_wconf 91' lang='lat'><strong>.</strong></span> <span class='ocrx_word' id='word_1_248' title='bbox 404 3553 534 3607; x_wconf 87' lang='lat' dir='ltr'><strong>ratiouc</strong></span> <span class='ocrx_word' id='word_1_249' title='bbox 545 3554 591 3604; x_wconf 82' lang='lat' dir='ltr'><strong>est</strong></span> <span class='ocrx_word' id='word_1_250' title='bbox 604 3550 689 3618; x_wconf 73' lang='lat' dir='ltr'><strong>«lnce,</strong></span> 
     </span>
     <span class='ocr_line' id='line_1_41' title="bbox 178 3620 691 3696; baseline -0.004 -19"><span class='ocrx_word' id='word_1_251' title='bbox 178 3641 210 3679; x_wconf 81' lang='lat' dir='ltr'><strong>cc</strong></span> <span class='ocrx_word' id='word_1_252' title='bbox 226 3625 278 3696; x_wconf 84' lang='lat' dir='ltr'><strong>qni</strong></span> <span class='ocrx_word' id='word_1_253' title='bbox 298 3641 316 3679; x_wconf 90' lang='lat' dir='ltr'><strong>a</strong></span> <span class='ocrx_word' id='word_1_254' title='bbox 332 3623 489 3679; x_wconf 76' lang='lat' dir='ltr'><strong>taitecrire</strong></span> <span class='ocrx_word' id='word_1_255' title='bbox 501 3624 519 3675; x_wconf 80' lang='lat' dir='ltr'><strong>a</strong></span> <span class='ocrx_word' id='word_1_256' title='bbox 531 3620 691 3692; x_wconf 77' lang='lat' dir='ltr'><strong>qrrelqnea-</strong></span> 
     </span>
     <span class='ocr_line' id='line_1_42' title="bbox 177 3693 689 3756; baseline -0.006 -6"><span class='ocrx_word' id='word_1_257' title='bbox 177 3712 251 3751; x_wconf 87' lang='lat' dir='ltr'><strong>uns:</strong></span> <span class='ocrx_word' id='word_1_258' title='bbox 262 3698 327 3756; x_wconf 85' lang='lat' dir='ltr'><strong>Quo</strong></span> <span class='ocrx_word' id='word_1_259' title='bbox 338 3698 375 3750; x_wconf 86' lang='lat' dir='ltr'><strong>iu</strong></span> <span class='ocrx_word' id='word_1_260' title='bbox 391 3696 560 3756; x_wconf 55' lang='lat' dir='ltr'><strong>oratiorum</strong></span> <span class='ocrx_word' id='word_1_261' title='bbox 576 3693 689 3747; x_wconf 77' lang='lat' dir='ltr'><strong>c.-ii,-d.</strong></span> 
     </span>
     <span class='ocr_line' id='line_1_43' title="bbox 178 3767 691 3836; baseline -0.008 -14"><span class='ocrx_word' id='word_1_262' title='bbox 178 3769 388 3823; x_wconf 78' lang='lat' dir='ltr'><strong>instruamus</strong></span> <span class='ocrx_word' id='word_1_263' title='bbox 404 3782 438 3822; x_wconf 89' lang='lat' dir='ltr'><strong>eo</strong></span> <span class='ocrx_word' id='word_1_264' title='bbox 450 3780 525 3836; x_wconf 81' lang='lat' dir='ltr'><strong>quo.</strong></span> <span class='ocrx_word' id='word_1_265' title='bbox 538 3809 542 3819; x_wconf 92' lang='lat'><strong>.</strong></span> <span class='ocrx_word' id='word_1_266' title='bbox 556 3809 561 3820; x_wconf 97' lang='lat'><strong>.</strong></span> <span class='ocrx_word' id='word_1_267' title='bbox 568 3767 691 3831; x_wconf 68' lang='lat' dir='ltr'><strong>possm</strong></span> 
     </span>
     <span class='ocr_line' id='line_1_44' title="bbox 178 3838 690 3904; baseline -0.008 -11"><span class='ocrx_word' id='word_1_268' title='bbox 178 3841 416 3895; x_wconf 77' lang='lat' dir='ltr'><strong>muniamus-tc</strong></span> <span class='ocrx_word' id='word_1_269' title='bbox 441 3840 479 3892; x_wconf 81' lang='lat' dir='ltr'><strong>de</strong></span> <span class='ocrx_word' id='word_1_270' title='bbox 507 3851 540 3890; x_wconf 86' lang='lat' dir='ltr'><strong>cc</strong></span> <span class='ocrx_word' id='word_1_271' title='bbox 571 3838 628 3904; x_wconf 75' lang='lat' dir='ltr'><strong>qui</strong></span> <span class='ocrx_word' id='word_1_272' title='bbox 663 3838 690 3889; x_wconf 89' lang='lat' dir='ltr'><strong>tc</strong></span> 
     </span>
     <span class='ocr_line' id='line_1_45' title="bbox 176 3909 691 3979; baseline -0.008 -15"><span class='ocrx_word' id='word_1_273' title='bbox 176 3912 301 3965; x_wconf 84' lang='lat' dir='ltr'><strong>reudra</strong></span> <span class='ocrx_word' id='word_1_274' title='bbox 315 3912 446 3979; x_wconf 78' lang='lat' dir='ltr'><strong>capable</strong></span> <span class='ocrx_word' id='word_1_275' title='bbox 463 3912 548 3962; x_wconf 79' lang='lat' dir='ltr'><strong>daus</strong></span> <span class='ocrx_word' id='word_1_276' title='bbox 573 3909 600 3961; x_wconf 89' lang='lat' dir='ltr'><strong>te</strong></span> <span class='ocrx_word' id='word_1_277' title='bbox 620 3909 691 3961; x_wconf 75' lang='lat' dir='ltr'><strong>(tis-</strong></span> 
     </span>
     <span class='ocr_line' id='line_1_46' title="bbox 176 3978 691 4050; baseline -0.01 -14"><span class='ocrx_word' id='word_1_278' title='bbox 176 3996 270 4037; x_wconf 82' lang='lat' dir='ltr'><strong>courr</strong></span> <span class='ocrx_word' id='word_1_279' title='bbox 299 3983 366 4036; x_wconf 80' lang='lat' dir='ltr'><strong>rect</strong></span> <span class='ocrx_word' id='word_1_280' title='bbox 403 3978 598 4050; x_wconf 83' lang='lat' dir='ltr'><strong>(oratioue),</strong></span> <span class='ocrx_word' id='word_1_281' title='bbox 632 3994 691 4050; x_wconf 84' lang='lat' dir='ltr'><strong>par</strong></span> 
     </span>
     <span class='ocr_line' id='line_1_47' title="bbox 178 4049 690 4108; baseline -0.004 -4"><span class='ocrx_word' id='word_1_282' title='bbox 178 4074 195 4105; x_wconf 90' lang='lat' dir='ltr'><strong>o</strong></span> <span class='ocrx_word' id='word_1_283' title='bbox 241 4053 353 4108; x_wconf 78' lang='lat' dir='ltr'><strong>osition</strong></span> <span class='ocrx_word' id='word_1_284' title='bbox 383 4069 445 4107; x_wconf 64' lang='lat' dir='ltr'><strong>ltux</strong></span> <span class='ocrx_word' id='word_1_285' title='bbox 472 4050 621 4106; x_wconf 84' lang='lat' dir='ltr'><strong>exercices</strong></span> <span class='ocrx_word' id='word_1_286' title='bbox 654 4049 690 4103; x_wconf 75' lang='lat' dir='ltr'><strong>(le</strong></span> 
     </span>
     <span class='ocr_line' id='line_1_48' title="bbox 179 4069 691 4196; baseline -0.012 -17"><span class='ocrx_word' id='word_1_287' title='bbox 179 4069 363 4196; x_wconf 62' lang='lat' dir='ltr'><strong>iiiitoriqne.</strong></span> <span class='ocrx_word' id='word_1_288' title='bbox 379 4125 465 4179; x_wconf 72' lang='lat' dir='ltr'><strong>(lette</strong></span> <span class='ocrx_word' id='word_1_289' title='bbox 479 4121 575 4189; x_wconf 69' lang='lat' dir='ltr'><strong>locon,</strong></span> <span class='ocrx_word' id='word_1_290' title='bbox 592 4120 691 4174; x_wconf 89' lang='lat' dir='ltr'><strong>ahan-</strong></span> 
     </span>
     <span class='ocr_line' id='line_1_49' title="bbox 178 4192 690 4268; baseline -0.014 -20"><span class='ocrx_word' id='word_1_291' title='bbox 178 4196 297 4251; x_wconf 81' lang='lat' dir='ltr'><strong>‹lonnee</strong></span> <span class='ocrx_word' id='word_1_292' title='bbox 312 4192 515 4268; x_wconf 82' lang='lat' dir='ltr'><strong>aujourd’lrni‚</strong></span> <span class='ocrx_word' id='word_1_293' title='bbox 540 4192 616 4246; x_wconf 85' lang='lat' dir='ltr'><strong>n’est</strong></span> <span class='ocrx_word' id='word_1_294' title='bbox 635 4207 690 4263; x_wconf 69' lang='lat' dir='ltr'><strong>pas¹</strong></span> 
     </span>
     <span class='ocr_line' id='line_1_50' title="bbox 179 4267 385 4338; baseline -0.005 -16"><span class='ocrx_word' id='word_1_295' title='bbox 179 4267 385 4338; x_wconf 78' lang='lat' dir='ltr'><strong>adedaigner.</strong></span> 
     </span>
    </p>

    <p class='ocr_par' dir='ltr' id='par_1_7' title="bbox 213 4334 690 4407">
     <span class='ocr_line' id='line_1_51' title="bbox 213 4334 690 4407; baseline -0.006 -14"><span class='ocrx_word' id='word_1_296' title='bbox 213 4339 242 4393; x_wconf 76' lang='grc' dir='ltr'><strong>ῦ.</strong></span> <span class='ocrx_word' id='word_1_297' title='bbox 266 4340 407 4396; x_wconf 84' lang='lat' dir='ltr'><strong>Velut...</strong></span> <span class='ocrx_word' id='word_1_298' title='bbox 434 4337 610 4407; x_wconf 76' lang='lat' dir='ltr'><strong>quaedam.</strong></span> <span class='ocrx_word' id='word_1_299' title='bbox 634 4334 690 4390; x_wconf 89' lang='lat' dir='ltr'><strong>Lo-</strong></span> 
     </span>
    </p>
   </div>
   <div class='ocr_carea' id='block_1_4' title="bbox 179 4405 690 4484">
    <p class='ocr_par' dir='ltr' id='par_1_8' title="bbox 179 4405 690 4484">
     <span class='ocr_line' id='line_1_52' title="bbox 179 4405 690 4484; baseline -0.014 -17"><span class='ocrx_word' id='word_1_300' title='bbox 179 4411 283 4467; x_wconf 82' lang='lat' dir='ltr'><strong>cution</strong></span> <span class='ocrx_word' id='word_1_301' title='bbox 297 4411 455 4484; x_wconf 74' lang='lat' dir='ltr'><strong>frequento</strong></span> <span class='ocrx_word' id='word_1_302' title='bbox 476 4407 546 4464; x_wconf 85' lang='lat' dir='ltr'><strong>ohez</strong></span> <span class='ocrx_word' id='word_1_303' title='bbox 567 4405 690 4472; x_wconf 86' lang='lat' dir='ltr'><strong>Quinti-</strong></span> 
     </span>
    </p>
   </div>
   <div class='ocr_carea' id='block_1_5' title="bbox 737 1767 1256 4478">
    <p class='ocr_par' dir='ltr' id='par_1_9' title="bbox 739 1767 1256 2551">
     <span class='ocr_line' id='line_1_53' title="bbox 740 1767 1254 1823; baseline 0.004 -3"><span class='ocrx_word' id='word_1_304' title='bbox 740 1767 811 1822; x_wconf 85' lang='lat' dir='ltr'><strong>lien.</strong></span> <span class='ocrx_word' id='word_1_305' title='bbox 828 1767 955 1822; x_wconf 71' lang='lat' dir='ltr'><strong>Ciceron</strong></span> <span class='ocrx_word' id='word_1_306' title='bbox 971 1783 1011 1823; x_wconf 91' lang='lat' dir='ltr'><strong>au</strong></span> <span class='ocrx_word' id='word_1_307' title='bbox 1027 1767 1090 1823; x_wconf 91' lang='lat' dir='ltr'><strong>lieu</strong></span> <span class='ocrx_word' id='word_1_308' title='bbox 1104 1767 1142 1822; x_wconf 89' lang='lat' dir='ltr'><strong>de</strong></span> <span class='ocrx_word' id='word_1_309' title='bbox 1161 1769 1254 1822; x_wconf 85' lang='lat' dir='ltr'><strong>vetut</strong></span> 
     </span>
     <span class='ocr_line' id='line_1_54' title="bbox 740 1841 1254 1908; baseline 0.006 -16"><span class='ocrx_word' id='word_1_310' title='bbox 740 1844 802 1893; x_wconf 87' lang='lat' dir='ltr'><strong>met</strong></span> <span class='ocrx_word' id='word_1_311' title='bbox 820 1841 928 1908; x_wconf 79' lang='lat' dir='ltr'><strong>quari.</strong></span> <span class='ocrx_word' id='word_1_312' title='bbox 956 1871 991 1878; x_wconf 97' lang='lat'>-</span> <span class='ocrx_word' id='word_1_313' title='bbox 1019 1843 1113 1896; x_wconf 79' lang='lat' dir='ltr'><strong>Rea...</strong></span> <span class='ocrx_word' id='word_1_314' title='bbox 1131 1842 1254 1907; x_wconf 80' lang='lat' dir='ltr'><strong>paucis</strong></span> 
     </span>
     <span class='ocr_line' id='line_1_55' title="bbox 740 1911 1254 1981; baseline 0.002 -17"><span class='ocrx_word' id='word_1_315' title='bbox 740 1925 927 1966; x_wconf 79' lang='lat' dir='ltr'><strong>communes</strong></span> <span class='ocrx_word' id='word_1_316' title='bbox 936 1929 946 1963; x_wconf 90' lang='lat'><em>:</em></span> <span class='ocrx_word' id='word_1_317' title='bbox 956 1911 1014 1966; x_wconf 90' lang='lat' dir='ltr'><strong>Les</strong></span> <span class='ocrx_word' id='word_1_318' title='bbox 1022 1911 1105 1966; x_wconf 78' lang='lat' dir='ltr'><strong>ideas</strong></span> <span class='ocrx_word' id='word_1_319' title='bbox 1113 1911 1167 1981; x_wconf 87' lang='lat' dir='ltr'><strong>qui</strong></span> <span class='ocrx_word' id='word_1_320' title='bbox 1182 1925 1254 1965; x_wconf 89' lang='lat' dir='ltr'><strong>con-</strong></span> 
     </span>
     <span class='ocr_line' id='line_1_56' title="bbox 739 1981 1254 2053; baseline 0.006 -19"><span class='ocrx_word' id='word_1_321' title='bbox 739 1981 1254 2053; x_wconf 80' lang='lat' dir='ltr'><strong>viennentaplusieurssujetssont</strong></span> 
     </span>
     <span class='ocr_line' id='line_1_57' title="bbox 739 2051 1256 2108; baseline 0.004 -2"><span class='ocrx_word' id='word_1_322' title='bbox 739 2051 784 2107; x_wconf 88' lang='lat' dir='ltr'><strong>les</strong></span> <span class='ocrx_word' id='word_1_323' title='bbox 797 2051 880 2107; x_wconf 80' lang='lat' dir='ltr'><strong>lieux</strong></span> <span class='ocrx_word' id='word_1_324' title='bbox 893 2053 1182 2108; x_wconf 74' lang='lat' dir='ltr'><strong>commanscrctrn.</strong></span> <span class='ocrx_word' id='word_1_325' title='bbox 1193 2056 1256 2108; x_wconf 82' lang='lat' dir='ltr'><strong>In-</strong></span> 
     </span>
     <span class='ocr_line' id='line_1_58' title="bbox 739 2124 1253 2191; baseline 0.008 -15"><span class='ocrx_word' id='word_1_326' title='bbox 739 2129 827 2179; x_wconf 86' lang='lat' dir='ltr'><strong>reut.</strong></span> <span class='ocrx_word' id='word_1_327' title='bbox 839 2124 1253 2191; x_wconf 76' lang='lat' dir='ltr'><strong>orat.II.15,481esdefinit:</strong></span> 
     </span>
     <span class='ocr_line' id='line_1_59' title="bbox 739 2196 1255 2267; baseline 0.006 -19"><span class='ocrx_word' id='word_1_328' title='bbox 739 2202 940 2265; x_wconf 78' lang='lat' dir='ltr'><strong>arpumeuta</strong></span> <span class='ocrx_word' id='word_1_329' title='bbox 962 2211 1046 2267; x_wconf 83' lang='lat' dir='ltr'><strong>quae</strong></span> <span class='ocrx_word' id='word_1_330' title='bbox 1068 2196 1255 2266; x_wconf 76' lang='lat' dir='ltr'><strong>transferri</strong></span> 
     </span>
     <span class='ocr_line' id='line_1_60' title="bbox 739 2269 1253 2336; baseline 0.006 -16"><span class='ocrx_word' id='word_1_331' title='bbox 739 2269 776 2320; x_wconf 85' lang='lat' dir='ltr'><strong>in</strong></span> <span class='ocrx_word' id='word_1_332' title='bbox 790 2269 914 2322; x_wconf 82' lang='lat' dir='ltr'><strong>multas</strong></span> <span class='ocrx_word' id='word_1_333' title='bbox 927 2284 1047 2323; x_wconf 80' lang='lat' dir='ltr'><strong>causas</strong></span> <span class='ocrx_word' id='word_1_334' title='bbox 1056 2273 1207 2336; x_wconf 78' lang='lat' dir='ltr'><strong>possunt.</strong></span> <span class='ocrx_word' id='word_1_335' title='bbox 1220 2284 1253 2323; x_wconf 80' lang='lat' dir='ltr'><strong>v.</strong></span> 
     </span>
     <span class='ocr_line' id='line_1_61' title="bbox 740 2338 1254 2411; baseline 0.006 -19"><span class='ocrx_word' id='word_1_336' title='bbox 740 2339 842 2393; x_wconf 86' lang='lat' dir='ltr'><strong>loutle</strong></span> <span class='ocrx_word' id='word_1_337' title='bbox 852 2355 981 2411; x_wconf 80' lang='lat' dir='ltr'><strong>passage</strong></span> <span class='ocrx_word' id='word_1_338' title='bbox 990 2345 1020 2394; x_wconf 91' lang='lat' dir='ltr'><strong>et</strong></span> <span class='ocrx_word' id='word_1_339' title='bbox 1030 2338 1058 2395; x_wconf 89' lang='lat' dir='ltr'><strong>le</strong></span> <span class='ocrx_word' id='word_1_340' title='bbox 1071 2340 1148 2411; x_wconf 90' lang='lat' dir='ltr'><strong>petit</strong></span> <span class='ocrx_word' id='word_1_341' title='bbox 1162 2340 1254 2395; x_wconf 77' lang='lat' dir='ltr'><strong>traite</strong></span> 
     </span>
     <span class='ocr_line' id='line_1_62' title="bbox 739 2410 1253 2480; baseline 0.004 -16"><span class='ocrx_word' id='word_1_342' title='bbox 739 2410 792 2464; x_wconf 89' lang='lat' dir='ltr'><strong>des</strong></span> <span class='ocrx_word' id='word_1_343' title='bbox 808 2413 973 2480; x_wconf 81' lang='lat' dir='ltr'><strong>Topiquea,</strong></span> <span class='ocrx_word' id='word_1_344' title='bbox 987 2412 1105 2466; x_wconf 79' lang='lat' dir='ltr'><strong>resume</strong></span> <span class='ocrx_word' id='word_1_345' title='bbox 1116 2411 1189 2465; x_wconf 88' lang='lat' dir='ltr'><strong>d&#39;un</strong></span> <span class='ocrx_word' id='word_1_346' title='bbox 1200 2427 1253 2466; x_wconf 92' lang='lat' dir='ltr'><strong>ou-</strong></span> 
     </span>
     <span class='ocr_line' id='line_1_63' title="bbox 739 2480 1252 2551; baseline 0.01 -17"><span class='ocrx_word' id='word_1_347' title='bbox 739 2480 1252 2551; x_wconf 71' lang='lat' dir='ltr'><strong>uragod&#39;Aristotesnrlamatiere.</strong></span> 
     </span>
    </p>

    <p class='ocr_par' dir='ltr' id='par_1_10' title="bbox 739 2553 1252 2823">
     <span class='ocr_line' id='line_1_64' title="bbox 774 2553 1250 2621; baseline 0.006 -15"><span class='ocrx_word' id='word_1_348' title='bbox 774 2553 801 2606; x_wconf 88' lang='grc'><strong>6.</strong></span> <span class='ocrx_word' id='word_1_349' title='bbox 818 2554 858 2607; x_wconf 88' lang='lat' dir='ltr'><strong>Iu</strong></span> <span class='ocrx_word' id='word_1_350' title='bbox 875 2557 1060 2609; x_wconf 79' lang='lat' dir='ltr'><strong>uniuersae.</strong></span> <span class='ocrx_word' id='word_1_351' title='bbox 1077 2571 1107 2608; x_wconf 80' lang='lat' dir='ltr'><strong>v.</strong></span> <span class='ocrx_word' id='word_1_352' title='bbox 1123 2554 1165 2610; x_wconf 90' lang='lat' dir='ltr'><strong>K.</strong></span> <span class='ocrx_word' id='word_1_353' title='bbox 1184 2554 1250 2621; x_wconf 76' lang='lat'><strong>412,</strong></span> 
     </span>
     <span class='ocr_line' id='line_1_65' title="bbox 739 2624 1252 2681; baseline 0.012 -6"><span class='ocrx_word' id='word_1_354' title='bbox 739 2624 765 2677; x_wconf 77' lang='lat' dir='ltr'><strong>i.</strong></span> <span class='ocrx_word' id='word_1_355' title='bbox 782 2626 823 2678; x_wconf 87' lang='lat' dir='ltr'><strong>Iu</strong></span> <span class='ocrx_word' id='word_1_356' title='bbox 838 2640 912 2680; x_wconf 79' lang='lat' dir='ltr'><strong>avec</strong></span> <span class='ocrx_word' id='word_1_357' title='bbox 927 2624 1031 2680; x_wconf 83' lang='lat' dir='ltr'><strong>l&#39;acc:</strong></span> <span class='ocrx_word' id='word_1_358' title='bbox 1054 2641 1094 2680; x_wconf 84' lang='lat' dir='ltr'><strong>eu</strong></span> <span class='ocrx_word' id='word_1_359' title='bbox 1118 2641 1178 2680; x_wconf 88' lang='lat' dir='ltr'><strong>uue</strong></span> <span class='ocrx_word' id='word_1_360' title='bbox 1200 2628 1252 2681; x_wconf 81' lang='lat' dir='ltr'><strong>cte.</strong></span> 
     </span>
     <span class='ocr_line' id='line_1_66' title="bbox 740 2695 1251 2770; baseline 0.012 -23"><span class='ocrx_word' id='word_1_361' title='bbox 740 2695 911 2752; x_wconf 83' lang='lat' dir='ltr'><strong>indication</strong></span> <span class='ocrx_word' id='word_1_362' title='bbox 926 2696 999 2751; x_wconf 90' lang='lat' dir='ltr'><strong>d’un</strong></span> <span class='ocrx_word' id='word_1_363' title='bbox 1022 2698 1079 2752; x_wconf 88' lang='lat' dir='ltr'><strong>hut</strong></span> <span class='ocrx_word' id='word_1_364' title='bbox 1099 2697 1251 2770; x_wconf 82' lang='lat' dir='ltr'><strong>spiritual,</strong></span> 
     </span>
     <span class='ocr_line' id='line_1_67' title="bbox 739 2766 1007 2823; baseline 0.015 -4"><span class='ocrx_word' id='word_1_365' title='bbox 739 2766 829 2822; x_wconf 86' lang='lat' dir='ltr'><strong>d’une</strong></span> <span class='ocrx_word' id='word_1_366' title='bbox 843 2767 1007 2823; x_wconf 88' lang='lat' dir='ltr'><strong>intention.</strong></span> 
     </span>
    </p>

    <p class='ocr_par' dir='ltr' id='par_1_11' title="bbox 738 2841 1253 3183">
     <span class='ocr_line' id='line_1_68' title="bbox 774 2841 1251 2909; baseline 0.006 -17"><span class='ocrx_word' id='word_1_367' title='bbox 774 2841 814 2892; x_wconf 83' lang='lat' dir='ltr'><strong>Ia</strong></span> <span class='ocrx_word' id='word_1_368' title='bbox 836 2841 931 2894; x_wconf 81' lang='lat' dir='ltr'><strong>rebus</strong></span> <span class='ocrx_word' id='word_1_369' title='bbox 956 2842 1149 2909; x_wconf 78' lang='lat' dir='ltr'><strong>aiupulis...</strong></span> <span class='ocrx_word' id='word_1_370' title='bbox 1183 2841 1251 2895; x_wconf 78' lang='lat' dir='ltr'><strong>siu-</strong></span> 
     </span>
     <span class='ocr_line' id='line_1_69' title="bbox 738 2911 1253 2984; baseline 0.014 -23"><span class='ocrx_word' id='word_1_371' title='bbox 738 2912 840 2976; x_wconf 81' lang='lat' dir='ltr'><strong>puta:</strong></span> <span class='ocrx_word' id='word_1_372' title='bbox 864 2911 1006 2966; x_wconf 84' lang='lat' dir='ltr'><strong>distincta</strong></span> <span class='ocrx_word' id='word_1_373' title='bbox 1031 2928 1109 2984; x_wconf 90' lang='lat' dir='ltr'><strong>pour</strong></span> <span class='ocrx_word' id='word_1_374' title='bbox 1132 2911 1253 2984; x_wconf 81' lang='lat' dir='ltr'><strong>chaque</strong></span> 
     </span>
     <span class='ocr_line' id='line_1_70' title="bbox 738 2981 1253 3053; baseline 0.01 -19"><span class='ocrx_word' id='word_1_375' title='bbox 738 2981 814 3035; x_wconf 67' lang='lat' dir='ltr'><strong>tilae.</strong></span> <span class='ocrx_word' id='word_1_376' title='bbox 845 2982 891 3036; x_wconf 82' lang='lat' dir='ltr'><strong>cf.</strong></span> <span class='ocrx_word' id='word_1_377' title='bbox 918 2983 970 3038; x_wconf 75' lang='lat' dir='ltr'><strong>l12:</strong></span> <span class='ocrx_word' id='word_1_378' title='bbox 1002 2989 1183 3053; x_wconf 76' lang='lat' dir='ltr'><strong>autequam</strong></span> <span class='ocrx_word' id='word_1_379' title='bbox 1212 2987 1253 3039; x_wconf 81' lang='lat' dir='ltr'><strong>cte</strong></span> 
     </span>
     <span class='ocr_line' id='line_1_71' title="bbox 739 3054 1252 3123; baseline 0.008 -17"><span class='ocrx_word' id='word_1_380' title='bbox 739 3054 883 3120; x_wconf 81' lang='lat' dir='ltr'><strong>siuputia</strong></span> <span class='ocrx_word' id='word_1_381' title='bbox 916 3056 1048 3123; x_wconf 66' lang='lat' dir='ltr'><strong>laquear,</strong></span> <span class='ocrx_word' id='word_1_382' title='bbox 1074 3070 1185 3123; x_wconf 89' lang='lat' dir='ltr'><strong>pauca</strong></span> <span class='ocrx_word' id='word_1_383' title='bbox 1214 3057 1252 3110; x_wconf 87' lang='lat' dir='ltr'><strong>iu</strong></span> 
     </span>
     <span class='ocr_line' id='line_1_72' title="bbox 740 3128 1248 3183; baseline 0.01 -6"><span class='ocrx_word' id='word_1_384' title='bbox 740 3128 956 3180; x_wconf 76' lang='lat' dir='ltr'><strong>rcuiceraum..</strong></span> <span class='ocrx_word' id='word_1_385' title='bbox 984 3128 1125 3181; x_wconf 82' lang='lat' dir='ltr'><strong>dicenda</strong></span> <span class='ocrx_word' id='word_1_386' title='bbox 1154 3131 1248 3183; x_wconf 80' lang='lat' dir='ltr'><strong>suut.</strong></span> 
     </span>
    </p>

    <p class='ocr_par' dir='ltr' id='par_1_12' title="bbox 737 3197 1253 4336">
     <span class='ocr_line' id='line_1_73' title="bbox 774 3197 1251 3269; baseline 0.01 -21"><span class='ocrx_word' id='word_1_387' title='bbox 774 3197 928 3264; x_wconf 79' lang='lat' dir='ltr'><strong>Propria.</strong></span> <span class='ocrx_word' id='word_1_388' title='bbox 941 3242 946 3252; x_wconf 93' lang='lat'><strong>.</strong></span> <span class='ocrx_word' id='word_1_389' title='bbox 959 3242 964 3252; x_wconf 94' lang='lat'><strong>.</strong></span> <span class='ocrx_word' id='word_1_390' title='bbox 985 3203 1156 3253; x_wconf 87' lang='lat' dir='ltr'><strong>oruata...</strong></span> <span class='ocrx_word' id='word_1_391' title='bbox 1174 3198 1251 3269; x_wconf 81' lang='lat' dir='ltr'><strong>effi—</strong></span> 
     </span>
     <span class='ocr_line' id='line_1_74' title="bbox 739 3269 1253 3341; baseline 0.004 -20"><span class='ocrx_word' id='word_1_392' title='bbox 739 3269 876 3323; x_wconf 84' lang='lat' dir='ltr'><strong>cicutia.</strong></span> <span class='ocrx_word' id='word_1_393' title='bbox 888 3312 912 3324; x_wconf 85' lang='lat'><strong>..</strong></span> <span class='ocrx_word' id='word_1_394' title='bbox 932 3271 1100 3324; x_wconf 75' lang='lat' dir='ltr'><strong>sonantia.</strong></span> <span class='ocrx_word' id='word_1_395' title='bbox 1117 3269 1161 3323; x_wconf 88' lang='lat' dir='ltr'><strong>La</strong></span> <span class='ocrx_word' id='word_1_396' title='bbox 1178 3285 1253 3341; x_wconf 89' lang='lat' dir='ltr'><strong>pro-</strong></span> 
     </span>
     <span class='ocr_line' id='line_1_75' title="bbox 738 3338 1250 3464; baseline 0.01 -73"><span class='ocrx_word' id='word_1_397' title='bbox 738 3338 852 3464; x_wconf 70' lang='lat' dir='ltr'><strong>priata,</strong></span> <span class='ocrx_word' id='word_1_398' title='bbox 880 3339 1058 3411; x_wconf 69' lang='lat' dir='ltr'><strong>Pelagones,</strong></span> <span class='ocrx_word' id='word_1_399' title='bbox 1088 3340 1250 3408; x_wconf 61' lang='lat' dir='ltr'><strong>Penariae,</strong></span> 
     </span>
     <span class='ocr_line' id='line_1_76' title="bbox 750 3409 1252 3483; baseline 0.012 -21"><span class='ocrx_word' id='word_1_400' title='bbox 750 3409 918 3465; x_wconf 84' lang='lat' dir='ltr'><strong>&#39;harmonia</strong></span> <span class='ocrx_word' id='word_1_401' title='bbox 932 3411 968 3466; x_wconf 74' lang='lat' dir='ltr'><strong>(le</strong></span> <span class='ocrx_word' id='word_1_402' title='bbox 988 3412 1019 3478; x_wconf 84' lang='lat' dir='ltr'><strong>la</strong></span> <span class='ocrx_word' id='word_1_403' title='bbox 1039 3412 1162 3483; x_wconf 89' lang='lat' dir='ltr'><strong>phrase.</strong></span> <span class='ocrx_word' id='word_1_404' title='bbox 1184 3412 1252 3468; x_wconf 89' lang='lat' dir='ltr'><strong>Une</strong></span> 
     </span>
     <span class='ocr_line' id='line_1_77' title="bbox 738 3481 1251 3554; baseline 0.01 -20"><span class='ocrx_word' id='word_1_405' title='bbox 738 3481 899 3552; x_wconf 71' lang='lat' dir='ltr'><strong>gradatim</strong></span> <span class='ocrx_word' id='word_1_406' title='bbox 910 3483 1095 3554; x_wconf 76' lang='lat' dir='ltr'><strong>rigonreuse,</strong></span> <span class='ocrx_word' id='word_1_407' title='bbox 1105 3482 1204 3538; x_wconf 87' lang='lat' dir='ltr'><strong>allant</strong></span> <span class='ocrx_word' id='word_1_408' title='bbox 1215 3484 1251 3539; x_wconf 85' lang='lat' dir='ltr'><strong>de</strong></span> 
     </span>
     <span class='ocr_line' id='line_1_78' title="bbox 738 3552 1248 3626; baseline 0.008 -20"><span class='ocrx_word' id='word_1_409' title='bbox 738 3552 768 3607; x_wconf 86' lang='lat' dir='ltr'><strong>la</strong></span> <span class='ocrx_word' id='word_1_410' title='bbox 782 3552 853 3624; x_wconf 88' lang='lat' dir='ltr'><strong>plus</strong></span> <span class='ocrx_word' id='word_1_411' title='bbox 868 3555 1036 3610; x_wconf 81' lang='lat' dir='ltr'><strong>necessaire</strong></span> <span class='ocrx_word' id='word_1_412' title='bbox 1052 3555 1088 3610; x_wconf 89' lang='lat' dir='ltr'><strong>de</strong></span> <span class='ocrx_word' id='word_1_413' title='bbox 1103 3571 1152 3610; x_wconf 84' lang='lat' dir='ltr'><strong>aas</strong></span> <span class='ocrx_word' id='word_1_414' title='bbox 1167 3571 1248 3626; x_wconf 85' lang='lat' dir='ltr'><strong>qua-</strong></span> 
     </span>
     <span class='ocr_line' id='line_1_79' title="bbox 738 3623 1250 3697; baseline 0.006 -19"><span class='ocrx_word' id='word_1_415' title='bbox 738 3623 807 3678; x_wconf 70' lang='lat' dir='ltr'><strong>litas</strong></span> <span class='ocrx_word' id='word_1_416' title='bbox 823 3626 841 3677; x_wconf 81' lang='lat' dir='ltr'><strong>a</strong></span> <span class='ocrx_word' id='word_1_417' title='bbox 856 3624 929 3680; x_wconf 85' lang='lat' dir='ltr'><strong>celle</strong></span> <span class='ocrx_word' id='word_1_418' title='bbox 945 3627 998 3697; x_wconf 88' lang='lat' dir='ltr'><strong>qui</strong></span> <span class='ocrx_word' id='word_1_419' title='bbox 1014 3626 1082 3681; x_wconf 88' lang='lat' dir='ltr'><strong>l&#39;est</strong></span> <span class='ocrx_word' id='word_1_420' title='bbox 1095 3626 1123 3681; x_wconf 90' lang='lat' dir='ltr'><strong>le</strong></span> <span class='ocrx_word' id='word_1_421' title='bbox 1138 3627 1250 3696; x_wconf 84' lang='lat' dir='ltr'><strong>moins,</strong></span> 
     </span>
     <span class='ocr_line' id='line_1_80' title="bbox 738 3696 1250 3769; baseline 0.012 -21"><span class='ocrx_word' id='word_1_422' title='bbox 738 3696 840 3750; x_wconf 88' lang='lat' dir='ltr'><strong>aurait</strong></span> <span class='ocrx_word' id='word_1_423' title='bbox 861 3696 947 3768; x_wconf 75' lang='lat' dir='ltr'><strong>place</strong></span> <span class='ocrx_word' id='word_1_424' title='bbox 963 3699 1042 3765; x_wconf 79' lang='lat' dir='ltr'><strong>ptus</strong></span> <span class='ocrx_word' id='word_1_425' title='bbox 1067 3698 1250 3769; x_wconf 76' lang='lat' dir='ltr'><strong>efficientia</strong></span> 
     </span>
     <span class='ocr_line' id='line_1_81' title="bbox 738 3770 1249 3838; baseline 0.008 -18"><span class='ocrx_word' id='word_1_426' title='bbox 738 3770 834 3821; x_wconf 53' lang='lat' dir='ltr'><strong>infant</strong></span> <span class='ocrx_word' id='word_1_427' title='bbox 845 3771 952 3838; x_wconf 79' lang='lat' dir='ltr'><strong>mapia</strong></span> <span class='ocrx_word' id='word_1_428' title='bbox 963 3774 1094 3823; x_wconf 84' lang='lat' dir='ltr'><strong>oruata.</strong></span> <span class='ocrx_word' id='word_1_429' title='bbox 1107 3772 1249 3838; x_wconf 88' lang='lat' dir='ltr'><strong>Propria</strong></span> 
     </span>
     <span class='ocr_line' id='line_1_82' title="bbox 738 3838 1249 3911; baseline 0.006 -19"><span class='ocrx_word' id='word_1_430' title='bbox 738 3843 784 3892; x_wconf 83' lang='lat' dir='ltr'><strong>est</strong></span> <span class='ocrx_word' id='word_1_431' title='bbox 799 3838 941 3911; x_wconf 73' lang='lat' dir='ltr'><strong>euplique</strong></span> <span class='ocrx_word' id='word_1_432' title='bbox 963 3855 1019 3911; x_wconf 85' lang='lat' dir='ltr'><strong>par·</strong></span> <span class='ocrx_word' id='word_1_433' title='bbox 1039 3841 1143 3906; x_wconf 88' lang='lat' dir='ltr'><strong>Quint.</strong></span> <span class='ocrx_word' id='word_1_434' title='bbox 1165 3840 1190 3906; x_wconf 91' lang='lat'><strong>1,</strong></span> <span class='ocrx_word' id='word_1_435' title='bbox 1221 3842 1249 3907; x_wconf 72' lang='grc' dir='ltr'><strong>ἴ),</strong></span> 
     </span>
     <span class='ocr_line' id='line_1_83' title="bbox 737 3911 1249 3978; baseline 0.008 -15"><span class='ocrx_word' id='word_1_436' title='bbox 737 3911 782 3964; x_wconf 72' lang='grc' dir='ltr'><strong>Ἂῑ</strong></span> <span class='ocrx_word' id='word_1_437' title='bbox 802 3913 944 3978; x_wconf 88' lang='lat' dir='ltr'><strong>Propria</strong></span> <span class='ocrx_word' id='word_1_438' title='bbox 963 3917 1041 3966; x_wconf 83' lang='lat' dir='ltr'><strong>auat</strong></span> <span class='ocrx_word' id='word_1_439' title='bbox 1063 3913 1158 3966; x_wconf 85' lang='lat' dir='ltr'><strong>uerba</strong></span> <span class='ocrx_word' id='word_1_440' title='bbox 1175 3928 1249 3968; x_wconf 92' lang='lat' dir='ltr'><strong>cum</strong></span> 
     </span>
     <span class='ocr_line' id='line_1_84' title="bbox 739 3983 1250 4054; baseline 0.008 -20"><span class='ocrx_word' id='word_1_441' title='bbox 739 3983 774 4034; x_wconf 71' lang='lat' dir='ltr'><strong>ist</strong></span> <span class='ocrx_word' id='word_1_442' title='bbox 788 3984 990 4054; x_wconf 67' lang='lat' dir='ltr'><strong>empiricam,</strong></span> <span class='ocrx_word' id='word_1_443' title='bbox 1012 3985 1048 4037; x_wconf 90' lang='lat' dir='ltr'><strong>iu</strong></span> <span class='ocrx_word' id='word_1_444' title='bbox 1069 3986 1155 4053; x_wconf 82' lang='lat' dir='ltr'><strong>quod</strong></span> <span class='ocrx_word' id='word_1_445' title='bbox 1173 3987 1250 4052; x_wconf 88' lang='lat' dir='ltr'><strong>pri-</strong></span> 
     </span>
     <span class='ocr_line' id='line_1_85' title="bbox 741 4055 1250 4110; baseline 0.014 -7"><span class='ocrx_word' id='word_1_446' title='bbox 741 4068 790 4107; x_wconf 90' lang='lat' dir='ltr'><strong>mo</strong></span> <span class='ocrx_word' id='word_1_447' title='bbox 834 4056 1050 4109; x_wconf 77' lang='lat' dir='ltr'><strong>denominata</strong></span> <span class='ocrx_word' id='word_1_448' title='bbox 1084 4058 1178 4110; x_wconf 76' lang='lat' dir='ltr'><strong>sicut.</strong></span> <span class='ocrx_word' id='word_1_449' title='bbox 1223 4055 1250 4110; x_wconf 96' lang='lat' dir='ltr'><strong>Il</strong></span> 
     </span>
     <span class='ocr_line' id='line_1_86' title="bbox 739 4123 1249 4196; baseline 0.008 -19"><span class='ocrx_word' id='word_1_450' title='bbox 739 4123 877 4196; x_wconf 77' lang='lat' dir='ltr'><strong>s&#39;oppose</strong></span> <span class='ocrx_word' id='word_1_451' title='bbox 893 4126 911 4180; x_wconf 76' lang='lat' dir='ltr'><strong>a</strong></span> <span class='ocrx_word' id='word_1_452' title='bbox 928 4129 1095 4180; x_wconf 73' lang='lat' dir='ltr'><strong>traua-tata</strong></span> <span class='ocrx_word' id='word_1_453' title='bbox 1117 4147 1148 4167; x_wconf 94' lang='lat'>=</span> <span class='ocrx_word' id='word_1_454' title='bbox 1174 4142 1249 4182; x_wconf 91' lang='lat' dir='ltr'><strong>cum</strong></span> 
     </span>
     <span class='ocr_line' id='line_1_87' title="bbox 738 4197 1247 4266; baseline 0.008 -18"><span class='ocrx_word' id='word_1_455' title='bbox 738 4197 845 4249; x_wconf 86' lang='lat' dir='ltr'><strong>atium</strong></span> <span class='ocrx_word' id='word_1_456' title='bbox 876 4202 1001 4252; x_wconf 87' lang='lat' dir='ltr'><strong>uatura</strong></span> <span class='ocrx_word' id='word_1_457' title='bbox 1030 4199 1247 4266; x_wconf 77' lang='lat' dir='ltr'><strong>intellectum,</strong></span> 
     </span>
     <span class='ocr_line' id='line_1_88' title="bbox 738 4268 1109 4336; baseline 0.011 -16"><span class='ocrx_word' id='word_1_458' title='bbox 738 4268 845 4321; x_wconf 87' lang='lat' dir='ltr'><strong>atium</strong></span> <span class='ocrx_word' id='word_1_459' title='bbox 863 4269 927 4324; x_wconf 84' lang='lat' dir='ltr'><strong>ioco</strong></span> <span class='ocrx_word' id='word_1_460' title='bbox 936 4271 1109 4336; x_wconf 81' lang='lat' dir='ltr'><strong>praebeat.</strong></span> 
     </span>
    </p>

    <p class='ocr_par' dir='ltr' id='par_1_13' title="bbox 740 4339 1248 4478">
     <span class='ocr_line' id='line_1_89' title="bbox 773 4339 1248 4408; baseline 0.013 -19"><span class='ocrx_word' id='word_1_461' title='bbox 773 4339 811 4390; x_wconf 88' lang='lat' dir='ltr'><strong>Iu</strong></span> <span class='ocrx_word' id='word_1_462' title='bbox 822 4344 988 4408; x_wconf 90' lang='lat' dir='ltr'><strong>promptu.</strong></span> <span class='ocrx_word' id='word_1_463' title='bbox 1001 4384 1006 4395; x_wconf 96' lang='lat'><strong>.</strong></span> <span class='ocrx_word' id='word_1_464' title='bbox 1019 4384 1024 4395; x_wconf 96' lang='lat'><strong>.</strong></span> <span class='ocrx_word' id='word_1_465' title='bbox 1045 4342 1081 4394; x_wconf 87' lang='lat' dir='ltr'><strong>iu</strong></span> <span class='ocrx_word' id='word_1_466' title='bbox 1096 4355 1248 4408; x_wconf 82' lang='lat' dir='ltr'><strong>couapec-</strong></span> 
     </span>
     <span class='ocr_line' id='line_1_90' title="bbox 740 4411 1248 4478; baseline 0.008 -16"><span class='ocrx_word' id='word_1_467' title='bbox 740 4415 788 4466; x_wconf 93' lang='lat' dir='ltr'><strong>tu.</strong></span> <span class='ocrx_word' id='word_1_468' title='bbox 808 4413 888 4466; x_wconf 79' lang='lat' dir='ltr'><strong>Saus</strong></span> <span class='ocrx_word' id='word_1_469' title='bbox 906 4414 938 4466; x_wconf 89' lang='lat' dir='ltr'><strong>ta</strong></span> <span class='ocrx_word' id='word_1_470' title='bbox 954 4411 1111 4468; x_wconf 56' lang='lat' dir='ltr'><strong>mutuari</strong></span> <span class='ocrx_word' id='word_1_471' title='bbox 1127 4414 1159 4466; x_wconf 88' lang='lat' dir='ltr'><strong>ta</strong></span> <span class='ocrx_word' id='word_1_472' title='bbox 1175 4427 1248 4478; x_wconf 83' lang='lat' dir='ltr'><strong>oue,-</strong></span> 
     </span>
    </p>
   </div>
   <div class='ocr_carea' id='block_1_6' title="bbox 0 0 1440 4966">
    <p class='ocr_par' dir='ltr' id='par_1_14' title="bbox 0 0 1440 4966">
     <span class='ocr_line' id='line_1_91' title="bbox 0 0 1440 4966; baseline 0 0"><span class='ocrx_word' id='word_1_473' title='bbox 0 0 1440 4966; x_wconf 95' lang='lat' dir='ltr'><strong> </strong></span> 
     </span>
    </p>
   </div>
  </div>
 </body>
</html>
