2872 4966
513 234 516 239 '
623 265 803 328 -111-

141 486 143 490 ,
182 430 312 490 rumque
336 411 472 490 agendus
497 417 543 472 est
562 417 592 471 et
611 412 744 491 pondera
765 411 957 489 singulorum
982 409 1194 473 examinanda.

80 522 85 540 ⁸
177 511 251 571 Post
266 510 373 570 subeat
393 510 469 571 ratio
488 510 652 570 collocandi
674 516 895 589 versenturque
921 509 1005 569 omni
1032 511 1121 571 modo
1136 532 1198 574 nu·

178 606 267 681 meri,
284 624 345 666 non
359 611 395 665 ut
415 605 557 683 quodque
582 624 615 665 se
636 605 768 683 proferet
789 604 918 664 verbum
934 609 1060 684 occupet
1083 605 1195 670 locum.

179 705 263 777 Quae
278 705 402 784 quidem
417 710 452 764 ut
474 704 651 782 diligentius
675 722 874 782 exequamur,
891 703 1056 783 repetenda
1076 707 1197 787 saepius
1238 706 1258 768 6

178 810 269 864 erunt
283 805 467 883 scriptorum
479 803 627 882 proxima.
638 802 717 863 Nam
733 806 853 880 praeter
868 801 910 877 id,
927 801 1008 880 quod
1027 802 1070 863 sic
1088 805 1198 865 melius

174 904 349 980 iunguntur
363 901 515 981 prioribus
530 900 697 979 sequentia,
712 899 792 959 calor
806 917 927 978 quoque
941 899 990 960 illc
1011 901 1198 978 cogitationis

187 1001 240 1078 qui
254 1000 406 1060 scribendi
420 1019 505 1060 mora
527 999 656 1081 refrixit,
672 997 779 1077 recipit
792 1017 829 1058 ex
844 998 961 1075 integro
975 998 1055 1059 vires
1071 1006 1101 1059 et
1115 999 1198 1060 velut

178 1100 304 1178 repetito
319 1100 414 1179 spatio
431 1098 525 1158 sumit
548 1097 698 1177 impetum
714 1114 723 1160 ι
738 1096 818 1174 quod
842 1096 874 1155 in
889 1096 1054 1156 certamine
1070 1097 1197 1158 saliendi

179 1198 246 1256 fieri
263 1198 411 1269 videmus,
429 1202 463 1256 ut
488 1201 631 1256 conatum
658 1195 780 1272 longius
795 1200 899 1274 petant
920 1199 950 1254 et
971 1193 1008 1255 ad
1033 1195 1120 1269 illud,
1137 1215 1197 1275 quo

74 1345 76 1348 .
181 1296 383 1371 contenditur,
412 1296 545 1376 spatium
569 1313 663 1354 cursu
688 1295 835 1363 ferantur,
862 1299 957 1372 utque
984 1293 1016 1353 in
1034 1293 1197 1372 jaculando

179 1393 321 1454 bracchia
344 1393 521 1453 reducimus
543 1398 574 1453 et
598 1391 754 1473 expulsuri
770 1382 841 1452 'tela
857 1409 966 1450 nervos
991 1397 1072 1451 retro
1096 1393 1196 1452 tendi-

178 1493 292 1552 dimus.
309 1493 436 1552 Interim
447 1498 560 1571 tamen,
580 1492 606 1552 si
621 1493 698 1551 ieret
711 1491 813 1570 flatus,
830 1490 929 1551 danda
945 1496 1018 1551 sunt
1033 1492 1111 1572 vela,
1122 1493 1198 1553 dum
1238 1491 1257 1553 7

181 1697 343 1767 militane,
366 1697 404 1752 de
423 1700 521 1752 meme
535 1697 696 1751 detectum
741 1694 846 1761 ciunt,
867 1708 986 1762 parem
1007 1699 1118 1752 tamea
1134 1697 1256 1753 obtinet

179 1771 309 1836 habere,
325 1770 414 1839 fatre
426 1784 491 1824 urta
504 1770 696 1839 teccaparce
740 1768 846 1820 oratio
861 1766 992 1836 reliqua
1006 1782 1141 1824 cursum
1155 1771 1256 1838 scrip-

178 1858 240 1912 que
266 1844 343 1896 cette
368 1840 451 1896 levee
467 1844 570 1896 estun
588 1841 695 1905 choix,
742 1841 850 1890 torum
889 1838 1115 1896 ,similitudine
1158 1844 1190 1895 et
1222 1840 1256 1894 vi

177 1929 220 1967 un
240 1914 354 1981 triopa.
741 1909 917 1962 concitata.

219 1987 408 2050 versentur,
425 1978 568 2038 continue
578 1980 609 2036 la
618 1998 697 2038 com·
776 1981 898 2038 Quod...
920 1981 1070 2038 violemus
1092 1985 1163 2036 ut...
1189 1981 1256 2038 Une

176 2056 323 2128 paraison
351 2051 503 2110 eoauchee
538 2069 595 2124 par
618 2069 697 2122 pon·
740 2051 887 2106 tournure
916 2052 1096 2121 semblable,
1134 2055 1162 2120 1,
1194 2054 1254 2110 58:

178 2130 278 2194 dera;
307 2127 523 2181 reminiscente
537 2125 696 2193 d’Horace,
741 2122 1256 2191 quod...facimusut...Dememe

178 2201 213 2253 A.
228 2201 266 2253 P.
277 2197 330 2254 39:
362 2199 489 2253 versate
516 2197 586 2263 ctio,
615 2199 696 2266 qaid
740 2196 767 2259 5,
783 2193 819 2248 18
843 2194 914 2259 et7,
930 2195 975 2249 11.
998 2194 1042 2250 La
1065 2196 1256 2268 proposition

177 2271 266 2340 ferre
282 2271 445 2332 recusent,
471 2269 550 2336 quid
565 2270 698 2327 catenat
741 2265 1256 2335 ameneeparutdetermined'nne

178 2342 321 2396 humeri.
351 2373 386 2381 -
424 2339 640 2407 occupetur.
669 2341 696 2407 1,
741 2336 1257 2412 laconspecialelecasparticulier

176 2411 206 2473 7.
741 2409 855 2462 enonce
893 2408 970 2463 dans
1003 2409 1034 2465 la
1065 2410 1256 2483 proposition

215 2485 242 2540 6.
257 2483 444 2553 reoperando
457 2498 469 2536 .·
490 2480 517 2536 Il
533 2482 601 2537 faut
616 2498 697 2537 reve·
741 2479 878 2534 relative.

181 2556 230 2611 nir
245 2572 298 2610 sur
312 2571 345 2611 ce
360 2554 452 2624 qu’on
462 2553 548 2608 vient
558 2554 696 2623 decute,
777 2551 939 2619 spatium,
955 2549 986 2605 la
1001 2550 1129 2607 seconde
1143 2550 1202 2607 tois
1216 2565 1256 2606 ne

180 2627 204 2682 il
219 2631 266 2682 est
281 2627 405 2683 evident
418 2641 477 2696 que
498 2626 697 2692 scriptorum
741 2621 865 2693 designo
887 2638 942 2694 pas
961 2621 992 2676 la
1006 2626 1104 2677 meme
1119 2623 1255 2679 distance

179 2703 226 2754 est
248 2714 288 2753 au
312 2702 430 2762 neutre,
456 2696 595 2768 employd
621 2697 698 2752 sub·
741 2709 800 2764 que
821 2694 928 2763 spatio
950 2693 1031 2748 deux
1058 2693 1156 2765 lignes
1184 2694 1255 2776 plus

180 2774 274 2824 stant.
303 2783 382 2840 pour
407 2783 413 2823 :
445 2783 525 2837 quoe
546 2769 696 2836 proaetme
741 2765 828 2830 hant,
856 2765 936 2820 mais
965 2764 993 2821 le
1025 2764 1113 2836 point
1142 2782 1196 2838 qur
1223 2780 1255 2820 so

181 2843 307 2910 scripta
321 2843 410 2897 sunt.
741 2840 849 2891 trouve
874 2835 996 2891 au-dela
1019 2839 1056 2891 do
1075 2840 1122 2892 cet
1136 2852 1254 2910 espace,

215 2912 402 2968 Praetoria
418 2912 513 2980 quod.
525 2911 561 2966 V.
577 2912 605 2977 1,
621 2909 697 2966 asel
741 2923 858 2963 comme
880 2908 938 2963 but
957 2909 975 2962 a
997 2907 1164 2964 atteindre:
1193 2923 1255 2978 quo

178 2983 209 3039 la
224 2989 305 3040 note.
740 2981 963 3035 contenditur.

215 3059 342 3112 Calorm
370 3053 527 3122 refricat,
562 3053 697 3109 soutient
774 3053 980 3107 Jacutando:
1019 3049 1187 3107 L'exercice
1214 3049 1256 3106 du

180 3125 694 3197 convenablementlametaphore3
736 3122 864 3194 javelot.
889 3153 923 3162 —
944 3124 1087 3178 Narona:
1112 3123 1143 3177 la
1166 3122 1255 3178 corde

179 3199 202 3253 il
226 3200 295 3254 n’en
319 3202 365 3254 est
387 3196 458 3270 plus
482 3198 519 3252 de
542 3201 641 3251 meme
660 3195 697 3250 dc
742 3195 778 3249 de
793 3194 875 3250 l'arc.
890 3193 937 3249 (tf.
954 3195 1045 3250 Vme.
1061 3197 1118 3248 Eo.
1130 3196 1166 3263 V,
1179 3194 1253 3253 500:

179 3271 281 3325 sumit
297 3270 469 3337 impetum.
488 3269 537 3322 Lo
561 3269 697 3323 chaleur
740 3266 861 3321 validis
874 3265 1255 3335 Jteocosincuroontotri·

180 3345 238 3411 qut
256 3343 365 3410 prend
389 3355 448 3396 sort
477 3342 554 3394 etan
580 3343 627 3394 est
655 3338 696 3393 du
741 3339 920 3393 busarcus.
936 3336 1254 3393 Cetteabondancedo

180 3412 365 3484 galimatias.
740 3408 969 3480 comparaisons
983 3423 1021 3463 ne
1036 3409 1152 3464 semble
1164 3408 1254 3479 guero

206 3483 701 3554 Repetitospattosenreprenant
740 3481 843 3551 exigee
857 3481 890 3535 ni
912 3495 969 3552 par
982 3479 1202 3552 l'importance‚
1221 3479 1255 3535 ni

181 3556 220 3612 du
249 3557 371 3627 champ.
403 3554 529 3609 Ciceron
556 3553 695 3624 emploie,
740 3566 796 3624 par
809 3551 840 3606 la
854 3551 1040 3623 prolondeur
1058 3550 1094 3607 de
1109 3552 1206 3607 l'idee.

180 3643 257 3700 pour
282 3630 389 3682 rendre
412 3641 472 3680 une
495 3625 614 3679 ideenn
636 3640 696 3695 pen
775 3624 803 3678 7.
816 3623 969 3689 Interim,
983 3637 1062 3694 pour
1071 3623 1254 3688 interdum,

180 3699 356 3764 differente,
389 3711 449 3751 nne
483 3696 695 3767 comparaison
739 3694 881 3766 frequent
914 3694 984 3748 ohez
1011 3693 1119 3759 Quint.
1153 3697 1183 3750 et
1210 3693 1255 3748 les

179 3771 253 3825 tiriae
264 3770 300 3825 de
313 3770 343 3824 la
353 3769 544 3838 navigation,
556 3770 594 3821 cta
606 3770 693 3822 Orat.
739 3768 915 3837 prosateurs
930 3765 972 3820 du
986 3764 1027 3820 1⁰¹·
1042 3765 1141 3822 siecle.
1161 3764 1210 3822 Cf.
1225 3765 1254 3832 1,

179 3840 204 3907 Ι,
219 3841 353 3906 33‚153:
376 3842 412 3894 Ut
428 3840 589 3895 concitato
604 3840 696 3893 navi·
738 3839 783 3892 44.

179 3915 249 3982 pio,
277 3928 352 3968 cum
376 3913 515 3980 remtqcs
542 3911 696 3966 inhibete·
775 3909 810 3963 Si
825 3908 1047 3977 feretftatus:
1076 3908 1193 3968 Quoad
1209 3909 1254 3973 tes

180 3989 271 4051 runt,
288 3986 409 4039 retinet
427 3984 627 4050 lamentosa
638 3996 695 4037 aa·
740 3981 1255 4044 centsnouceotrcttnertt;comme

180 4057 229 4109 vis
246 4060 371 4109 motum
387 4059 417 4109 et
433 4068 568 4110 cursum
582 4068 693 4120 cuum,
738 4053 766 4116 1,
782 4052 853 4107 110:
872 4051 1254 4118 transversumjodicem

180 4128 368 4182 intermisso
389 4127 512 4194 impetu
527 4127 693 4194 pulsuque
738 4126 837 4192 ferre.
863 4121 910 4177 Cf.
933 4122 1013 4177 Hox.
1038 4123 1092 4176 Oct.
1108 4121 1133 4189 1,
1148 4122 1176 4188 7,
1191 4121 1250 4177 25;

181 4212 348 4252 remorum
366 4214 378 4264 ;
405 4198 453 4253 stc
481 4198 518 4251 itt
545 4196 693 4255 oratione
739 4196 804 4254 Quo
820 4209 878 4249 nos
893 4207 1030 4263 cumque
1045 4194 1126 4263 feret
1139 4193 1254 4247 melior

175 4273 348 4340 perpetua,
375 4283 450 4324 cum
473 4269 599 4338 scripta
613 4269 695 4340 defi·
737 4267 910 4336 fortuna...
922 4265 1051 4321 ibimus.
1068 4293 1103 4304 -
1117 4265 1252 4331 Dum...
