2872 4966
667 269 796 330 xxvul

183 453 352 547 passages
380 451 421 527 od
450 459 547 528 notre
583 461 672 529 terte
709 457 853 532 s’eoaao
891 461 932 534 de
969 463 1058 536 odai
1075 464 1116 536 do
1143 467 1257 540 datm.

629 709 819 723 μ*

180 873 324 949 Clrapitre
344 876 371 939 1,
419 875 450 929 7:
467 875 629 944 quoidam
644 875 774 947 —quod
790 877 881 934 idem.

234 977 269 988 -
394 946 429 1001 10
442 959 448 1000 :
465 946 680 1001 caruerint-
693 954 868 1005 caruerunt.

235 1058 270 1068 ..
394 1027 447 1083 11;
464 1027 600 1094 τροπικῶς
622 1030 733 1083 tamen
748 1032 846 1098 quasi
861 1061 896 1069 -—
911 1030 1018 1105 [quare
1034 1033 1149 1108 tamen]
1166 1035 1207 1092 of.
1230 1038 1259 1100 7,

479 1095 532 1152 25:
549 1097 626 1151 dam
641 1102 753 1154 tamen
768 1102 900 1169 quasi...

232 1201 266 1213 -
391 1169 444 1227 15:
460 1167 552 1249 sequi
576 1169 666 1224 aiam
681 1200 716 1209 -
731 1173 818 1243 sequi
840 1173 954 1244 jam...
975 1174 1014 1231 cf.
1029 1177 1056 1241 7,
1070 1178 1107 1234 5:
1126 1177 1260 1235 dicendi

481 1253 543 1294 via.

391 1312 444 1369 23:
462 1311 676 1379 uidebuntur,
699 1313 834 1382 aliquae
854 1345 889 1354 -
908 1315 1096 1372 videbuntur
1120 1319 1257 1393 aliquae,

387 1384 442 1441 28:
459 1384 642 1450 repraeter
654 1383 688 1437 id
704 1387 800 1453 quod,
816 1401 920 1456 oenus
934 1391 1151 1446 ostentationi
1163 1407 1259 1448 ¹eom-

476 1458 649 1523 paratum,
665 1456 770 1522 satam
786 1487 821 1496 —
835 1457 952 1514 Genus.
964 1503 988 1516 ..
1014 1461 1126 1518 ostent.
1149 1478 1254 1536 comp.

481 1527 645 1597 et'praeier
659 1525 690 1579 id
707 1526 788 1597 qrrod
804 1527 916 1585 solam.
927 1569 952 1586 ..

388 1597 442 1657 53:
459 1597 556 1654 aliud
574 1599 756 1653 seeundum
771 1629 806 1638 -
821 1599 906 1655 aliud
920 1616 1075 1672 parem...

389 1671 425 1728 69
436 1685 443 1726 :
459 1670 543 1724 Eum
556 1671 748 1724 admiratus
761 1701 796 1710 —
808 1671 993 1728 admiratus.
1005 1714 1029 1729 ..

389 1742 442 1799 89:
459 1741 584 1807 melior,
607 1744 641 1792 ut
666 1742 792 1796 dietum
818 1747 875 1807 est,
895 1748 1016 1810 tamen,
1032 1745 1062 1799 si
1078 1747 1172 1800 ad-
1187 1762 1257 1803 me·

485 1810 553 1874 lior,
569 1812 595 1866 si
610 1813 713 1866 tamen
728 1809 776 1884 [ut
789 1817 836 1868 ost
850 1813 979 1888 dietum]
994 1817 1081 1872 ad...

391 1886 446 1943 91:
459 1885 597 1952 propius
613 1914 648 1922 —
662 1883 850 1956 promptius.
864 1929 888 1941 ..

389 1958 443 2015 96:
459 1970 549 2024 opus,
565 1956 622 2010 sed
637 1956 834 2024 quibusdam
851 1987 887 1995 -
902 1972 1013 2030 opus...
1031 1958 1257 2029 quibusdam...

252 2063 265 2072 ·
372 2029 443 2087 180:
460 2029 489 2082 si
510 2028 627 2095 aliqua
649 2029 903 2095 contempsisset,
929 2030 957 2084 si
975 2044 1102 2098 parum
1118 2045 1204 2087 sana
1220 2065 1258 2072 —

482 2097 507 2153 si
521 2097 572 2152 ille
588 2097 789 2168 quaedam...
815 2100 840 2153 si
855 2115 977 2170 parum.
990 2143 1014 2157 ..
1034 2116 1108 2157 non.
1121 2146 1144 2159 ..

231 2207 266 2216 ..
373 2173 445 2229 131:
461 2172 548 2231 Quae
564 2170 650 2239 quod
666 2170 770 2224 uoluit
785 2170 917 2254 —quod
933 2172 1045 2229 voluit.
1057 2216 1081 2228 ..

177 2247 324 2319 chapitre
344 2246 371 2310 2,
414 2247 451 2301 7:
469 2243 783 2302 Quemadmodum...
807 2247 929 2308 suunt,
949 2248 1043 2312 turpe
1059 2275 1094 2283 -
1106 2246 1259 2316 quemad-

490 2312 628 2368 modum.
640 2354 663 2367 ..
683 2311 793 2367 sciunt.
808 2313 923 2386 Turpe.

177 2385 321 2458 Chapitre
340 2386 367 2450 3,
398 2384 452 2444 1οῑ
471 2385 669 2440 resistamus
698 2388 736 2437 ut
760 2387 997 2452 provideamus
1017 2418 1051 2427 -
1076 2387 1258 2444 resistamus

502 2453 550 2529 [ut
564 2453 804 2529 provideamus}

177 2527 322 2600 Chapitre
340 2529 368 2596 5,
398 2528 451 2585 1οῑ
469 2529 506 2582 iu
523 2528 586 2582 illa
601 2557 636 2565 -
650 2525 717 2582 illa.
730 2569 753 2582 ..

230 2630 265 2639 —
389 2599 442 2656 13:
459 2603 584 2655 rectene
599 2613 675 2653 reus
690 2598 735 2652 sit
752 2620 776 2663 »‚
800 2613 1008 2667 queaeramus,
1034 2615 1079 2656 an
1097 2623 1106 2649 ι
1124 2631 1159 2640 -
1174 2617 1257 2657 rsus·

481 2670 521 2725 sit
538 2692 563 2740 s,
578 2685 618 2725 an
635 2684 840 2740 quaeramus:

177 2741 320 2814 Chapitre
339 2744 368 2811 7,
409 2744 445 2800 1:
462 2743 593 2798 intrare
605 2745 738 2810 portam
754 2771 788 2779 —
804 2741 903 2796 instar
918 2746 1038 2814 portus.
1050 2787 1074 2800 ..

229 2845 263 2854 -
389 2813 442 2872 13:
459 2815 609 2870 videmus
625 2814 835 2881 superfluere,
850 2828 924 2867 oum
941 2829 975 2870 eo
992 2815 1112 2884 (quod),
1125 2815 1156 2868 si
1166 2818 1257 2870 calor

485 2928 527 2943 ...
553 2885 680 2941 aceedit
694 2914 729 2922 -—
749 2885 933 2956 superfluere
957 2885 1064 2942 video:
1089 2884 1251 2959 quodsi...

480 2957 599 3013 aooidit.

228 3060 263 3069 —
393 3028 446 3085 24:
464 3044 529 3083 aon
548 3028 673 3085 labitur
688 3057 723 3064 -
738 3041 800 3081 non
816 3026 953 3099 eapitur.
965 3072 988 3084 ..

209 3139 236 3204 1,
251 3140 284 3194 11
298 3154 306 3208 3
323 3138 376 3207 153
393 3137 437 3205 28,
453 3137 489 3194 8)
505 3166 535 3176 -
549 3137 577 3204 2,
603 3138 667 3192 7-
679 3136 707 3200 7,
723 3134 759 3190 13
774 3140 844 3191 sont
859 3135 912 3191 dos
926 3136 1114 3210 conjectures
1128 3148 1254 3209 person-

173 3209 288 3281 nelles;
305 3209 349 3265 les
363 3213 467 3265 autres
483 3209 535 3264 dos
549 3208 732 3265 corrections
749 3206 785 3261 de
800 3222 923 3263 souroes
943 3207 1091 3264 diverses
