2872 4966
657 306 835 369 -116-

263 461 342 523 tium
368 460 434 540 jam
463 462 545 522 diem
578 481 657 541 esse,
697 462 778 542 quod
813 464 896 526 omni
930 464 1033 526 labore
1066 467 1211 528 materiae
1247 468 1289 528 ad'

265 559 461 620 scribendum
484 560 652 622 destinatae
676 579 738 622 non
761 561 910 623 inveniret
934 564 1104 643 exordium,
1140 584 1200 644 quo
1225 565 1284 626 sibi

267 677 328 719 non
350 676 494 737 praesens
519 664 639 720 tantum
664 659 762 736 dolor,
782 660 835 719 sed
849 661 941 722 etiam
955 661 1124 741 desperatio
1140 662 1175 723 in
1188 669 1288 743 poste·

265 776 336 818 rum
363 757 459 817 fieret.
501 757 581 819 Tum
604 757 713 818 Florus
735 757 886 835 arridens,
915 761 1065 840 numquid
1088 767 1134 840 tu,
1173 763 1285 842 inquit,

266 854 376 917 melius
390 854 491 916 dicere
505 856 550 916 vis
564 874 657 935 quam
672 856 781 935 potes‘l
807 857 852 917 Ita
869 876 904 923 se
917 877 966 919 res
982 859 1095 922 habet:
1111 862 1285 922 curandum

267 959 324 1031 est,
348 959 383 1014 ut
405 973 499 1033 quam
522 954 635 1033 optime
649 954 798 1033 dicamus,
815 955 980 1017 dicendum
993 963 1096 1019 tamen
1110 977 1166 1038 pro
1188 959 1283 1020 facul·

210 1045 213 1048 ⁴
266 1058 351 1116 tate:
364 1053 402 1113 ad
417 1052 587 1131 profectum
601 1051 685 1112 enim
700 1071 777 1131 opus
791 1058 838 1113 est
853 1054 964 1133 studio,
986 1074 1047 1116 non
1063 1056 1288 1135 indignatione.

206 1149 247 1212 15
266 1151 307 1213 Ut
322 1149 474 1230 possimus
488 1154 591 1210 autem
605 1148 739 1210 scribere
753 1149 846 1210 etiam
859 1150 947 1230 plura
960 1151 1101 1230 celerius,
1118 1173 1179 1214 non
1193 1173 1285 1214 exer-

268 1248 368 1312 citatio
392 1246 481 1307 modo
506 1246 683 1326 praestabit,
698 1247 731 1307 in
745 1265 806 1326 qua
821 1248 887 1308 sine
902 1249 995 1310 dubio
1010 1251 1143 1312 multum
1158 1257 1216 1330 est,
1233 1251 1287 1312 sed

266 1348 358 1410 etiam
379 1347 478 1407 ratio:
502 1346 528 1406 si
553 1365 614 1406 non
630 1345 767 1425 resupini
782 1351 1014 1427 spectantesque
1028 1353 1144 1410 tectum
1161 1355 1192 1410 et
1206 1349 1288 1428 cogi-

268 1445 414 1507 tationem
428 1461 588 1505 murmure
597 1443 745 1521 agitantes
755 1445 1028 1522 expectaverimus,
1043 1447 1116 1525 quid
1131 1445 1283 1521 obveniat.

269 1542 322 1604 sed
346 1541 420 1620 quid
445 1558 494 1599 res
518 1544 632 1619 poscat,
657 1539 731 1618 quid
752 1557 915 1618 personam
930 1542 1046 1622 deceat,
1066 1544 1146 1623 quod
1159 1545 1198 1605 sit
1211 1550 1290 1605 tem-

268 1659 338 1722 pus,
364 1637 416 1718 qui
435 1636 550 1716 judicis
574 1637 697 1697 animus
721 1636 836 1716 intuiti,
852 1638 988 1700 humano
1000 1641 1132 1720 quodam
1147 1643 1289 1704 modoad

269 1735 466 1798 scribendum
492 1734 724 1800 accesserimus,
761 1733 812 1796 Sic
834 1735 921 1796 nohis
944 1742 975 1796 et
991 1737 1083 1799 >initia
1105 1745 1135 1799 et
1149 1758 1228 1819 quae
1247 1759 1293 1801 se·

211 1835 252 1897 16
270 1839 408 1915 quuntur
422 1839 532 1894 natura
546 1832 612 1912 ipsa
626 1831 816 1911 praescribit.
861 1833 950 1894 Certa
966 1841 1040 1895 sunt
1049 1836 1133 1897 enim
1148 1836 1292 1916 pleraque

272 1939 313 2013 et,
339 1931 398 1992 nisi
424 1930 630 2008 coniveamus,
654 1929 687 1989 in
710 1930 813 1990 oculos
827 1930 1010 1992 incurrunt:
1030 1933 1155 2014 ideoque
1170 1935 1289 1996 necin·

273 2031 353 2093 docti
369 2047 425 2090 nec
452 2028 560 2090 rustici
575 2027 628 2088 diu
642 2032 805 2106 quaerunt,
821 2027 904 2088 unde
918 2029 1085 2109 incipiant3
1101 2051 1161 2112 quo
1175 2033 1293 2112 puden·

254 2204 349 2259 omui
360 2203 475 2258 labore.
486 2205 536 2257 Eu
544 2201 642 2270 aeptt,
656 2200 737 2255 mal·
776 2200 867 2255 ribus
875 2215 970 2270 saepe
984 2203 1097 2259 diebus
1107 2208 1292 2272 eapectaut,

211 2277 273 2346 «pre
288 2278 356 2330 tout
365 2288 422 2330 son
441 2271 563 2329 travail.
587 2270 677 2327 Ainsi
690 2269 738 2325 Ci·
777 2275 839 2326 aut
863 2287 1036 2330 murmure
1057 2276 1181 2332 incerto
1204 2277 1294 2331 velut

220 2347 320 2409 ceron,
335 2347 374 2401 de
393 2347 447 2414 off.
463 2343 487 2408 Ι,
502 2343 530 2407 2,
543 2344 578 2400 5:
598 2343 736 2413 quiscat
777 2344 912 2399 classico
927 2344 1080 2401 instincti
1096 2349 1153 2402 etc.

218 2418 288 2488 qut,
305 2417 410 2485 nullis
429 2416 532 2488 officit
549 2414 736 2484 praeceptis
817 2416 964 2484 Tempus.
993 2415 1053 2472 Les
1072 2417 1295 2474 circonstances

221 2488 405 2554 tradendis,
438 2485 668 2556 philosophum
702 2499 736 2539 ee
780 2483 964 2541 delacause.
978 2487 1026 2542 Cf.
1038 2488 1188 2552 xl‚1,46:
1209 2492 1296 2544 Tem·

219 2561 343 2615 audeat
358 2560 477 2622 atcere,
492 2572 595 2630 pour:
619 2569 739 2626 quam·
775 2571 875 2625 pus...
890 2572 929 2613 ac
945 2559 1033 2614 locus
1045 2566 1139 2629 eperat
1151 2561 1296 2616 observa·

217 2630 268 2688 uis
283 2644 349 2685 uou
363 2629 516 2685 tractat...
527 2658 563 2668 -
576 2627 738 2682 Materiae
782 2629 869 2682 tione
887 2630 1047 2697 propria:
1066 2646 1145 2686 uam
1171 2636 1203 2687 et
1219 2636 1296 2686 tem·

220 2706 267 2758 est
282 2717 322 2756 au
332 2699 413 2756 datis
423 2704 453 2755 et
463 2698 583 2773 depend
592 2697 629 2753 de
644 2698 738 2754 tuve·
774 2713 840 2768 pus
856 2703 927 2754 tum
947 2703 1041 2757 triete
1067 2706 1138 2757 tum
1161 2705 1295 2770 laetum,

218 2773 319 2830 niret.
781 2775 852 2824 tum
868 2771 1007 2827 liberum
1026 2777 1097 2828 tum
1114 2778 1296 2844 augustum

256 2843 301 2899 15.
336 2842 433 2899 Ratio
460 2860 495 2891 =
522 2842 554 2895 ta
590 2840 737 2895 metticae
778 2848 836 2896 est.
864 2843 967 2912 Atque
1002 2846 1047 2898 ad
1075 2845 1155 2901 ltaec
1182 2847 1297 2901 omnia

221 2915 407 2971 raiaoauee.
422 2910 449 2967 Il
459 2926 498 2967 ne
513 2926 580 2967 sera
595 2927 651 2984 pas
665 2909 738 2966 hors
778 2915 1018 2981 componendus
1032 2921 1153 2972 orator.

211 2985 258 3042 de
272 3000 384 3058 propos
399 2983 435 3039 de
451 2981 591 3055 rappeler
608 2981 648 3037 ici
659 2981 739 3037 Des·
814 2984 948 3039 Intuiti.
967 2984 995 3041 ll
1009 2986 1077 3042 faut
1098 2987 1298 3044 ratttacherd

222 3064 330 3119 cartes,
359 3057 442 3110 Disc.
465 3054 504 3109 de
520 3055 553 3109 ta
580 3053 737 3116 methodo,
780 3069 813 3110 ce
853 3055 980 3128 articipe
996 3059 1096 3128 :quid
1108 3074 1161 3115 rer
1171 3064 1296 3128 poscat,

222 3128 366 3185 Diverses
403 3124 644 3181 consideratione
673 3127 740 3179 tou·
781 3131 811 3181 et
837 3125 949 3182 asuite
962 3129 1068 3201 :apres
1090 3130 1176 3185 avoir
1193 3130 1298 3186 consi-

222 3198 317 3257 chent
341 3196 386 3253 les
409 3197 568 3253 sciences:
591 3197 629 3251 Ce
659 3198 740 3251 u'est
781 3196 1298 3269 dere'.--Humuuoetc.,determine

216 3285 281 3342 pus
294 3283 386 3325 assez
397 3268 523 3324 d'avou'r
536 3268 658 3336 l'esprit
671 3267 738 3335 boa,
780 3270 1023 3326 accerserimae.
1038 3270 1063 3326 Il
1075 3271 1223 3356 implique
1241 3287 1299 3357 par

209 3342 310 3398 *matr
326 3342 354 3397 le
364 3340 535 3409 principat
547 3343 596 3394 eet
611 3339 649 3393 de
665 3341 740 3407 l'ap·
780 3340 954 3423 opposition
980 3340 1068 3397 l'idee
1089 3342 1127 3403 de
1147 3342 1298 3416 l’msprra·

217 3415 353 3484 pttquer
374 3411 483 3467 bien...
508 3411 596 3466 Caua·
640 3409 677 3465 ui
699 3425 739 3465 ue
782 3415 846 3466 tion
862 3411 974 3480 divine,
1000 3429 1054 3468 eur
1067 3412 1200 3486 laquelle
1215 3430 1299 3471 sem-

223 3483 392 3540 marctteut
406 3497 468 3558 que
482 3481 550 3552 fort
561 3425 740 3537 leudemeut
779 3481 830 3537 hle
844 3486 980 3556 comptor
986 3482 1015 3540 le
1027 3499 1217 3581 personnage
1223 3486 1300 3543 dont

218 3557 363 3626 peucent
391 3567 535 3609 aaaucer
576 3552 740 3621 beaucoup
780 3552 832 3610 ile
847 3554 893 3609 ete
904 3555 1045 3626 question
1062 3557 1298 3614 touttlheure.

224 3628 422 3694 daaautapa
438 3624 505 3680 s’ile
525 3624 658 3680 ruiveut
674 3628 741 3679 tou·
782 3624 868 3680 Dens
893 3623 922 3681 le
935 3641 1065 3698 passage
1079 3629 1121 3683 du
1145 3627 1188 3684 110
1210 3627 1298 3693 livre,

216 3701 314 3767 jours
331 3698 358 3752 le
375 3697 462 3752 droit
476 3695 617 3763 clremiu,
631 3710 741 3765 queue
782 3696 887 3764 Quint.
903 3696 986 3752 avait
1000 3698 1140 3772 employa
1158 3698 1301 3773 l'expres-

222 3769 296 3842 [out
311 3783 395 3824 acuar
410 3768 468 3838 qui
483 3771 618 3823 coureut
637 3772 669 3822 et
683 3769 742 3836 qui
782 3768 850 3824 sion
865 3767 902 3823 de
915 3768 1068 3826 instincti
1076 3785 1150 3826 avec
1162 3769 1216 3827 des
1234 3771 1301 3844 pre·

222 3844 290 3898 seu
303 3840 479 3908 e'toipaeut.
778 3839 980 3912 'occupatione
1006 3841 1184 3913 analogues
1213 3842 1301 3899 Dona

258 3910 428 3980 Resupiur'.
458 3908 561 3975 Quint.
583 3909 686 3982 repete
709 3924 743 3965 ce
784 3911 930 3966 humano
945 3912 1184 3984 modoeignifie:
1203 3929 1241 3970 en
1263 3929 1301 3970 ne
1388 3972 1394 3984 ,

245 3981 298 4038 u’il
328 3980 413 4036 avait
434 3980 503 4052 dejt
531 3980 576 4036 dit
613 3995 744 4054 presque
785 3985 942 4054 comptant
974 3997 1032 4053 que
1067 3999 1121 4039 sur
1158 3983 1203 4041 les
1241 4000 1301 4040 ree-

224 3999 303 4110 dans
317 4052 361 4108 les
377 4055 491 4108 memes
506 4054 629 4119 termes,
645 4051 686 4120 11,
698 4053 743 4115 11,
786 4066 908 4109 sources
928 4051 1103 4110 humaines.
1125 4054 1172 4110 Cf.
1197 4056 1225 4126 7,
1241 4055 1299 4113 11ε

225 4125 295 4182 la..
317 4127 358 4181 Iu
380 4124 553 4194 cogitando
575 4125 672 4178 nulla
693 4138 745 4178 ra·
786 4126 888 4179 Deum
900 4127 981 4179 tuuc
993 4126 1142 4194 affuisse,
1157 4129 1215 4185 etc.

226 4198 313 4253 tione
349 4195 500 4251 adhibita
528 4199 590 4250 aut
625 4197 743 4250 tectum
818 4195 864 4252 16.
880 4195 1053 4266 Pleraque.
1066 4196 1126 4254 Les
1154 4197 1303 4255 elements

226 4269 392 4324 intuentes
417 4279 577 4336 mapuum
602 4266 741 4335 aliquid,
783 4263 873 4321 d'une
889 4280 979 4321 cause
994 4281 1032 4322 en
1050 4268 1184 4339 general,
1195 4272 1226 4326 et
1240 4286 1303 4327 non

225 4340 311 4414 quod
328 4339 416 4394 ultro
439 4338 616 4405 aeofferat,
636 4337 742 4405 pluri·
782 4351 839 4409 pas
885 4336 1077 4395 seulement:
1105 4340 1209 4397 icitia
1249 4342 1303 4414 qui

861 4646 969 4674 1—-
