2872 4966
608 282 789 360 -151-

199 450 300 523 Quare
315 448 480 531 capiendae
495 453 568 508 sunt
580 447 659 523 illae,
676 444 840 523 dequibus
855 439 928 522 dixi,
945 462 1050 506 rerum
1065 444 1173 523 imagi·
1194 445 1234 507 15

154 566 220 625 nes,
237 567 312 627 quas
326 548 426 608 vocari
443 547 597 624 φαντασίας
611 544 824 620 indicavimus²
840 543 1012 624 omniaque,
1039 545 1076 604 de
1096 544 1172 621 *qui-

152 645 211 706 hus
226 647 336 707 dicturi
352 647 479 722 erimuS,
496 663 653 724 personae,
670 644 874 729 quaestiones,
891 663 971 722 spes,
997 642 1098 705 metus
1112 647 1171 706 ha·

153 742 253 803 benda
276 744 308 803 in
332 742 440 820 naalia,
464 743 497 801 in
516 741 653 801 adfectus
676 739 871 818 recipienda:
894 746 1000 819 pectus
1015 747 1061 801 est
1074 744 1169 820 enim,

152 843 235 921 quod
257 843 386 903 disertos
414 842 497 918 facit,
520 846 550 901 et
575 841 620 899 vis
635 839 758 900 mentis.
787 839 920 919 Ideoque
935 842 1172 922 imperitisque·

153 960 225 1021 que,
243 943 269 1002 si
285 942 373 1001 modo
388 946 461 1002 sunt
475 941 575 1019 aliquo
589 939 709 999 adfectu
733 939 884 1017 concitati,
910 941 1001 1001 verba
1029 960 1090 1002 non
1120 943 1172 1002 de-

154 1044 238 1098 sunt.
269 1040 348 1100 Tum
364 1024 568 1099 intendendus
582 1037 716 1114 enimus,
727 1056 788 1096 non
801 1037 833 1096 in
846 1037 978 1117 aliquam
989 1058 1054 1100 rem
1062 1058 1168 1118 unam,
1190 1041 1231 1106 1ss

153 1137 206 1196 sed
235 1137 266 1197 in
294 1137 398 1216 plures
422 1135 513 1195 simul
538 1135 709 1210 continuae,
733 1140 778 1213 ut,
795 1134 820 1194 si
839 1155 893 1217 per
906 1137 1040 1215 aliquam
1055 1145 1169 1201 rectam

151 1236 232 1295 viam
248 1237 408 1296 mittamus
420 1235 534 1308 oculos,
551 1233 643 1292 simul
657 1235 758 1294 omnia
769 1253 847 1313 quae
858 1231 973 1296 suntin
983 1256 1018 1298 ea
1028 1239 1169 1318 circaque

151 1335 318 1412 intuemur,
345 1355 407 1396 non
435 1334 580 1394 ultimum
611 1337 730 1393 tanturn
759 1333 909 1414 videmuS,
935 1334 987 1395 sed
1011 1339 1168 1416 usquead

151 1431 309 1491 ultimum.
339 1432 433 1492 Addit
453 1431 491 1491 ed
517 1430 680 1490 dicendum
703 1431 794 1491 etiarn
819 1432 917 1511 pudor
930 1434 1081 1514 stimulos,
1111 1439 1169 1497 mi-

150 1547 282 1608 rumque
305 1530 401 1590 videri
428 1535 536 1610 potest,
552 1528 643 1609 quod,
660 1547 731 1589 cum
746 1530 834 1589 stilus
849 1536 964 1591 secreto
979 1535 1109 1611 gaudeat
1123 1543 1167 1598 at·

148 1708 334 1766 L'antithese
349 1710 477 1781 suggere
487 1709 576 1765 l’idee
588 1708 662 1764 d'un
711 1713 781 1768 s’est
793 1729 931 1771 souvenu
947 1716 984 1772 de
999 1732 1031 1772 ce
1045 1735 1175 1792 passage
1190 1723 1226 1779 de

149 1783 250 1836 statue
272 1782 386 1837 fondue
402 1782 474 1836 d'un
491 1781 557 1836 seul
574 1781 619 1852 jet
633 1784 663 1836 et
708 1784 812 1850 Quint.
837 1801 874 1840 en
899 1787 1079 1847 definissent
1102 1791 1179 1849 dans
1195 1795 1223 1850 lc

148 1851 238 1908 d'unc
253 1858 412 1925 mosaique
427 1853 500 1907 faite
513 1852 550 1907 de
561 1852 662 1923 piceas
706 1857 791 1912 Disc.
808 1872 870 1912 sur
886 1860 915 1913 le
930 1861 1013 1928 style
1030 1876 1062 1916 ce
1084 1863 1160 1934 qu’il
1174 1882 1224 1921 en-

149 1925 335 2050 rapportees.
351 1925 378 1979 A
389 1923 531 1997 suppleer
541 1925 658 1979 oratio.
708 1928 781 1984 tend
791 1944 847 2001 par
857 1928 1043 2002 l'e'loquence
1054 1936 1205 1992 natureHe
1216 1953 1222 1994 :

220 2038 226 2050 .
250 1996 295 2051 De
317 1998 434 2065 quibus
458 1995 541 2059 dicei,
566 1995 659 2063 Vl‚2‚
710 2001 793 2056 «Ces
815 2001 958 2058 homines
980 2009 1111 2060 sentent
1134 2010 1225 2063 vioe-

146 2074 210 2130 29:
241 2077 327 2135 Quas
365 2069 518 2144 φαντασίας
545 2077 661 2130 Graeci
707 2078 805 2139 ment,
834 2076 1016 2142 s'nffectent
1042 2080 1081 2133 de
1107 2080 1221 2148 meme,

146 2151 273 2214 cocant,
316 2162 375 2204 nos
401 2161 481 2203 sane
517 2148 659 2202 visiones
708 2147 792 2199 etc.»

146 2220 359 2286 appellemus,
378 2234 441 2287 per
464 2233 547 2288 quas
570 2220 660 2273 irno-
742 2215 786 2272 16.
822 2216 1004 2274 Continuus
1033 2243 1067 2272 ε
1103 2223 1157 2293 qui
1191 2238 1222 2278 se

143 2291 238 2357 pines
257 2305 371 2345 rernm
394 2292 581 2346 absentium
610 2291 660 2346 ita
706 2285 846 2342 tiennent
869 2292 954 2347 entre
971 2291 1055 2347 elles.
1080 2293 1127 2357 Gi.
1153 2293 1222 2366 plus

144 2366 442 2430 repraesentantur
468 2362 593 2427 animo,
623 2368 660 2416 nt
706 2359 794 2426 haut,
810 2360 855 2416 14.
1111 2401 1112 2404 ,

144 2447 200 2487 eas
224 2442 357 2488 cernere
381 2435 541 2489 oculisne
561 2447 658 2500 prae·
740 2434 874 2488 Rectam
902 2435 1003 2491 viam.
1037 2436 1173 2493 Fenelon
1203 2456 1221 2493 n

145 2508 253 2560 sentes
267 2505 382 2559 habere
396 2506 581 2559 videamur.
608 2504 656 2560 Cf.
705 2503 801 2574 repris
825 2507 1150 2580 cettetcornparaison,
1181 2525 1218 2565 en

143 2574 213 2644 XII,
229 2575 274 2642 10,
293 2575 321 2643 6,
345 2578 384 2631 ori
407 2575 430 2631 il
452 2574 659 2648 s'eppliqueet
704 2573 735 2628 la
762 2576 894 2631 rendant
907 2577 978 2647 plus
994 2584 1078 2636 nette
1092 2589 1218 2652 encore;

143 2646 326 2718 uupeintrc,
351 2647 508 2703 Theonda
529 2646 655 2705 Sarnos:
705 2648 813 2702 Lettre
843 2649 864 2703 ὰ
895 2649 1098 2721 ίἈααάέααία,
1130 2653 1167 2708 de
1189 2652 1219 2708 la

141 2718 362 2785 concipiendis
370 2719 652 2789 visionibns‚quns
703 2718 909 2792 Rhetorique:
929 2744 939 2770 r
957 2725 1039 2779 Cette
1061 2725 1219 2782 unitatae

141 2791 295 2865 φαντασίας
314 2803 466 2855 cocant...
481 2804 657 2867 praestan·
704 2795 833 2848 dessein
848 2794 915 2863 fait
934 2796 1030 2864 qn'on
1045 2799 1121 2859 voit,
1140 2800 1218 2852 dnn

143 2871 305 2925 tissimus.
703 2868 775 2920 sent
807 2880 888 2934 coup
919 2867 1015 2931 d’oeit
1055 2866 1218 2938 i'onorape

174 2941 305 2996 Dictnri
334 2942 470 2997 erimus.
499 2940 541 2995 Le
568 2941 656 2997 futur
704 2940 820 3006 entier,
837 2954 959 2995 comme
983 2941 1108 2996 onooit
1129 2942 1218 2996 deta

138 3011 359 3080 indetermine3
384 3012 421 3068 de
450 3013 549 3068 meme
574 3013 655 3069 Cice·
699 3011 793 3077 place
814 3013 971 3080 pnbtipne
1005 3011 1102 3066 ct'nne
1139 3013 1217 3068 oilie

139 3098 206 3150 ron,
223 3087 261 3139 de
278 3086 365 3139 Orat.
382 3084 406 3153 1,
420 3084 465 3152 52,
476 3084 549 3140 223:
567 3088 655 3152 apud
704 3085 807 3137 tontes
838 3086 882 3139 les
898 3088 1018 3138 receset
1043 3087 1141 3138 tontes
1172 3086 1217 3140 tes

87 3154 89 3157 ’
138 3170 217 3223 qnos
245 3157 377 3226 aliquid
398 3161 473 3226 acet
498 3161 560 3211 ant
586 3158 651 3212 erit
697 3158 813 3220 portes,
829 3158 943 3224 quand
960 3158 1064 3211 tontes
1081 3156 1126 3209 tes
1139 3170 1216 3212 rues

142 3231 316 3282 acturus...
701 3229 772 3279 sont
788 3228 919 3293 circites,
942 3229 1050 3295 toules
1066 3231 1097 3280 et
1110 3241 1150 3281 en
1166 3244 1216 3290 sr-

174 3299 214 3352 In
256 3298 418 3367 adfectus,
460 3315 582 3354 comme>
615 3301 652 3354 in
701 3298 866 3352 metria.»
898 3298 944 3353 Cf.
975 3297 1117 3363 Bouron,
1143 3314 1213 3354 ouv.

139 3371 335 3440 enemplnrn,
348 3369 425 3437 2,2:
442 3370 650 3442 pourechauf-
700 3367 759 3421 cit:
779 3391 789 3416 ι
809 3369 887 3425 C’est
899 3371 994 3440 faute
1013 3374 1051 3426 ote
1073 3371 1168 3438 plan,
1186 3374 1216 3426 et

137 3439 409 3512 ferlespassions.
590 3446 620 3457 ”
700 3441 767 3494 tout
786 3439 815 3494 le
830 3456 969 3514 passage.

171 3514 211 3566 Et
228 3515 277 3567 vis
289 3513 419 3568 mentis.
432 3512 650 3568 Construction
735 3512 890 3567 Pudor:
904 3515 1167 3584 lencm-propre,
1183 3512 1211 3568 ic

134 3598 192 3707 par
212 3582 392 3656 hyperbata.
418 3583 444 3639 ll
465 3599 488 3655 y
511 3601 529 3638 e
544 3600 651 3640 encore
699 3583 865 3641 sentiment
887 3586 923 3642 de
938 3583 1109 3645 l’honneur‚
1133 3599 1212 3638 com-

148 3655 166 3708 et
189 3670 231 3709 un
257 3654 410 3724 chiasrne;
431 3661 546 3723 pectus
563 3662 609 3711 est
632 3658 650 3711 ir
698 3670 746 3709 me
772 3654 848 3712 dans
870 3673 902 3713 ce
926 3671 996 3712 vers
1018 3655 1055 3709 da
1070 3654 1212 3722 Terence,

134 3728 293 3798 rapporter
317 3727 335 3780 d
364 3727 401 3781 in
416 3727 486 3796 acis.
503 3729 603 3795 recip.
619 3731 649 3783 et
697 3728 830 3795 Adelph.
847 3728 872 3795 1,
898 3732 926 3792 i,
948 3727 1004 3784 32:
1029 3727 1159 3781 Pudore
1182 3733 1213 3782 et

133 3802 179 3852 eis
192 3799 313 3853 mentis
330 3799 510 3854 anabenda
526 3800 563 3853 in
579 3813 650 3854 oen·
700 3798 898 3856 iiberalitate
920 3802 1035 3855 liberos
1059 3799 1212 3854 Retinere

134 3869 185 3923 tis.
215 3868 259 3923 La
285 3869 416 3938 vigueur
444 3869 481 3925 de
511 3868 649 3924 l’intelli-
697 3869 1097 3939 satiusessecredoquum
1110 3875 1210 3925 metu.

132 3955 225 4008 genoe
249 3941 305 4012 qui
349 3941 455 3996 ossdde
480 3943 581 3996 tontes
604 3941 649 3996 ies
697 3939 811 4004 Tacite,
827 3944 912 3998 Diui.
933 3943 969 3998 36
990 3939 1120 4013 emploie
1135 3940 1212 3996 dans

133 4022 305 4066 ressources
339 4012 408 4068 'une
420 4028 510 4067 cause
522 4013 648 4084 supple'e
696 4009 725 4064 le
740 4015 838 4068 menie
852 4030 921 4070 sens
936 4015 1051 4069 rubor:
1075 4027 1139 4066 non
1154 4011 1221 4066 nri!

133 4081 196 4136 ala
211 4083 343 4137 vivacite
371 4083 423 4138 des
440 4084 646 4152 sentiments3
697 4099 760 4137 nus
788 4088 904 4142 rubore
926 4098 1027 4156 qnam
1045 4085 1223 4150 praemiis,

134 4157 165 4206 et
195 4168 213 4206 a
243 4152 274 4207 la
307 4154 512 4225 signification
546 4155 583 4209 de
617 4160 647 4210 et
695 4155 971 4213 stimulabantnr.

133 4224 645 4294 aussi.Cf.t‚tt(i;EtSeroins...
731 4227 982 4286 Stitnssecreto.
1013 4224 1061 4280 Cf.
1074 4224 1102 4289 3,
1130 4220 1211 4280 east

169 4297 339 4365 Imperitis
364 4311 500 4367 qnoque.
534 4297 647 4356 Buffon
694 4296 772 4353 suiv.
