2872 4966
653 299 790 365 ..5..
895 266 916 359 ,’

176 465 278 539 atque,
294 465 330 519 ut
344 459 386 519 ila
400 457 512 535 dicam,
529 456 559 518 in
576 465 751 538 conspectu,
764 466 812 536 ut,
833 480 904 521 cum
919 480 951 520 se
962 458 1077 539 judicio
1091 459 1194 519 dieen-

176 563 216 621 tis
238 557 437 630 ostenderint,
463 557 559 617 facilis
588 576 625 616 ex
653 559 702 617 his
731 559 914 638 optimorum
943 560 982 619 sit
1009 559 1124 619 electio.
1156 558 1194 618 Et

177 678 254 739 quae
283 657 364 717 idem
382 655 588 733 significarent
602 655 663 715 scio
678 657 779 716 solitos
794 658 939 735 ediscere,
955 677 1015 736 quo
1030 658 1148 717 facilius
1163 661 1193 715 et
1235 653 1253 712 7

177 762 352 819 occurreret
374 775 471 815 unum
498 774 534 814 ex
550 754 700 833 pluribuS,
717 754 757 832 et,
775 776 846 816 cum
861 763 963 817 essent
976 758 1025 817 usi
1039 757 1150 835 aliquo,
1167 758 1192 816 si
1295 783 1300 792 ·

177 859 269 918 breve
284 857 364 915 intra
378 854 509 934 spatium
524 872 633 914 rursus
646 854 882 934 desideraretur,
907 856 1096 933 effugiendae
1110 874 1209 934 repe-.

179 955 294 1016 titionis
318 953 412 1030 gratia
437 957 594 1016 sumerent
616 953 710 1030 aliud,
735 974 795 1032 quo
820 955 900 1014 idem
924 955 1057 1031 intellegi
1080 959 1191 1033 posset.

181 1054 266 1127 Quod
289 1071 359 1112 cum
384 1056 430 1110 cst
455 1050 571 1129 puerile
596 1056 625 1110 et
649 1051 808 1129 cujusdam
836 1053 965 1113 infelicis
989 1071 1108 1132 operae,
1128 1060 1193 1112 tum

181 1154 272 1212 etiarn
297 1151 370 1210 utile
394 1168 524 1228 parum:
551 1149 672 1209 turbam
697 1156 817 1211 tantum
846 1152 934 1212 modo
962 1156 1133 1228 congregat,
1159 1170 1196 1210 ex

182 1271 241 1331 qua
258 1251 322 1310 sine
338 1249 513 1308 discrimine
527 1256 653 1328 occupet
668 1250 840 1328 proximum
855 1251 1006 1330 quodque.

219 1348 313 1410 Nobis
336 1352 440 1408 autem
463 1348 547 1425 copia
572 1367 642 1407 cum
661 1349 777 1427 judicio
791 1351 925 1428 paranda
940 1355 996 1426 est,
1013 1349 1075 1408 vim
1089 1348 1195 1408 orandi
1237 1349 1255 1407 8

180 1469 241 1509 non
269 1446 494 1507 circulatoriam
522 1447 739 1508 volubilitatem
770 1449 986 1527 spectantibus
1024 1449 1058 1508 ld
1093 1453 1195 1507 autem

180 1548 397 1625 consequimur
420 1546 533 1624 optima
558 1545 684 1624 legendo
710 1553 800 1625 atque
828 1548 997 1607 audiendo:
1024 1568 1084 1607 non
1112 1548 1195 1606 enim

180 1647 280 1706 solum
295 1645 420 1705 nomina
434 1646 499 1723 ipsa
514 1664 616 1704 rerum
632 1664 849 1723 cognoscemus
863 1648 920 1707 hac
935 1666 1019 1725 cura,
1049 1646 1100 1707 sed
1116 1646 1195 1724 quod

181 1763 302 1823 quoque
324 1745 388 1805 loco
412 1745 451 1804 sit
475 1744 679 1823 aptissimum.
711 1744 862 1804 Omnibus
890 1747 972 1804 enim
1002 1747 1064 1805 lere
1096 1746 1196 1805 verbis

180 1896 269 1951 d'od:
293 1897 508 1952 ostenderint.
534 1893 592 1950 Les
612 1899 693 1950 mois
742 1897 838 1951 Felin
852 1916 883 1937 =
897 1895 1010 1964 fertile
1023 1915 1033 1951 :
1048 1900 1110 1953 Hic
1120 1901 1252 1966 sepcies,

179 1969 353 2036 conspicio,
375 1971 580 2034 conspectus,
606 1982 695 2022 cons·
743 1969 814 2022 illic
838 1969 979 2022 veniunt
1003 1969 1138 2038 felicius
1161 1983 1255 2023 uvae.

180 2042 299 2109 picuus
337 2037 528 2109 s'emploient
572 2041 695 2093 surtout
741 2039 828 2094 Viae.
847 2041 959 2108 Georp,
983 2039 1007 2106 I,
1030 2041 1075 2095 bi.
1100 2041 1149 2096 Cf.
1171 2039 1253 2094 Hos.

179 2126 258 2182 pour
275 2126 307 2164 ce
322 2111 375 2181 qui
390 2109 550 2182 s'opercoit
562 2108 598 2164 de
614 2109 691 2164 loin:
741 2112 801 2164 Art
814 2115 899 2178 poet.
923 2111 978 2165 34:
1002 2112 1130 2182 Infelin
1149 2113 1256 2178 operis

180 2183 352 2250 conspicuo
362 2181 499 2251 sastipio
512 2183 616 2236 turris
630 2187 692 2235 aln—
741 2196 884 2236 summa.
901 2182 1091 2251 Infelicitas
1107 2183 1144 2239 de
1158 2187 1256 2236 meme

182 2255 284 2310 tonia.
301 2253 375 2309 Tua.
393 2255 480 2308 Hist.
496 2269 526 2307 v.
543 2253 588 2307 11.
742 2252 812 2307 chez
834 2253 939 2319 Quint.
954 2268 960 2309 :
977 2255 1030 2322 Xl,
1044 2255 1071 2320 2,
1085 2256 1140 2310 le:
1168 2256 1257 2309 Haec

215 2326 243 2381 7.
268 2327 431 2381 Edissere.
456 2327 644 2392 Apprendre
663 2323 692 2378 ‘d
741 2339 824 2379 rara
840 2324 1028 2394 infelicitas
1043 2329 1126 2392 erit;
1144 2328 1173 2380 et
1184 2325 1256 2398 plus

180 2397 272 2467 fond,
280 2412 346 2465 par
358 2411 457 2452 coeur.
475 2395 502 2450 ll
526 2396 615 2466 s'agit
639 2395 692 2450 des
741 2397 808 2463 bas,
823 2397 852 2462 2,
867 2396 903 2452 8:
921 2403 1035 2454 nostra
1042 2399 1255 2467 potissimum

181 2483 382 2540 synonymes
402 2466 571 2533 Quintilien
592 2484 610 2520 a
630 2467 694 2521 rai·
743 2473 889 2535 tempora
926 2471 1128 2525 damnamus
1155 2469 1255 2535 buius

181 2556 237 2595 son
253 2539 289 2595 de
305 2539 491 2595 condemner
510 2554 543 2594 ce
565 2538 692 2610 procede
741 2555 984 2596 INFELIGITATIS.

181 2611 330 2666 d'ecolier.
347 2609 527 2681 Outrequ'il
547 2614 592 2665 est
615 2610 691 2693 pue-
777 2612 966 2680 Conprepat,
997 2626 1035 2665 ne
1059 2613 1136 2735 peut
1170 2611 1257 2667 avoir

181 2682 229 2751 ril,
245 2682 268 2737 il
284 2681 416 2737 affaiblit
431 2685 460 2737 et
482 2680 576 2737 altere
594 2681 691 2747 l’ude'e,
741 2697 820 2754 pour
835 2682 951 2754 sujetle
962 2684 1047 2753 quod
1080 2681 1135 2736 ela
1144 2683 1256 2755 phrase

180 2755 233 2809 des
248 2755 605 2825 termesiproprement
619 2769 693 2825 par·
741 2753 930 2825 precedente.
967 2753 993 2809 ll
1023 2754 1091 2808 faut
1120 2770 1256 2810 sous-en-

180 2825 427 2896 lersynonymes
447 2840 484 2879 ne
509 2840 540 2880 se
562 2840 693 2878 rencon-
742 2824 847 2879 tendre
877 2841 919 2880 un
957 2826 1036 2897 sujet
1072 2826 1254 2898 personnel:

180 2900 265 2952 trent
280 2911 410 2969 presque
422 2896 552 2967 jamais:
578 2897 637 2950 «Il
652 2911 692 2950 ne
741 2902 869 2951 orator.
899 2928 935 2936 -
967 2896 1111 2951 Turbam
1137 2918 1168 2938 =
1197 2914 1257 2953 une

176 2969 400 3037 peutpavoir
411 2971 449 3022 de
462 2969 528 3022 lieu
539 2983 692 3022 commun
742 2967 824 3022 foule
854 2969 980 3024 confuse
1007 2969 1043 3022 de
1073 2973 1167 3042 motp.
1200 2968 1249 3026 af.

182 3041 219 3094 ni
235 3042 273 3095 de
287 3054 467 3108 synonyme
484 3038 516 3092 ld
534 3041 574 3092 ori
593 3040 619 3092 il
639 3054 692 3107 pa
740 3039 905 3094 Hestiai.
938 3040 962 3107 l,
980 3041 1008 3106 1,
1026 3039 1080 3094 25:
1110 3043 1258 3109 quemuis

181 3113 220 3166 de
247 3113 279 3166 la
299 3112 474 3179 precision.
501 3132 511 3157 ι
541 3110 692 3176 Munium,
743 3113 946 3166 mediocrite
964 3113 1073 3167 turba.
1103 3142 1138 3150 —
1162 3114 1256 3167 Occu-

183 3185 216 3237 la
231 3184 502 3238 Pre'cisiondans
519 3184 609 3235 l'Art.
736 3187 793 3250 pet
815 3203 847 3224 =
864 3183 1028 3251 s’udresser
1044 3183 1084 3252 2¹13
1101 3183 1156 3248 id„
1181 3186 1252 3240 Sat.
1282 3192 1287 3205 ·

216 3255 435 3324 Effupiendae
484 3253 692 3321 repetitionis
741 3253 846 3321 Las:
866 3257 1062 3324 «Numquid
1077 3256 1126 3309 uis
1148 3254 1188 3309 i»
1211 3271 1257 3311 oc-

181 3327 321 3395 pratia:
355 3327 500 3385 «auand
534 3328 618 3379 dans
646 3341 693 3378 un
742 3340 832 3393 cupa.

182 3399 332 3452 discours
347 3412 389 3452 on
407 3401 518 3451 trouve
538 3398 594 3451 des
611 3400 693 3450 mols
776 3396 804 3452 8.
822 3398 1089 3452 Circulatoriam.
1104 3397 1150 3452 On
1166 3413 1257 3470 appe-

181 3470 305 3536 repetes
321 3473 352 3522 et
367 3471 578 3538 qu’essapant
592 3469 630 3522 de
649 3469 693 3521 les
741 3467 798 3522 lait
826 3469 1007 3524 circulator
1028 3485 1070 3523 un
1096 3469 1256 3524 charlatan

182 3540 327 3608 corriper
355 3555 395 3594 on
435 3540 480 3594 les
516 3544 627 3594 trouve
663 3540 692 3592 si
742 3555 781 3594 ou
817 3539 962 3610 jongleur
999 3539 1163 3594 arribulant
1203 3542 1257 3612 qui

176 3625 314 3680 propres
325 3615 420 3680 qu’on
432 3609 578 3679 pdtereit
590 3612 618 3665 le
631 3611 694 3664 dis-
742 3611 877 3666 amusait
892 3611 923 3665 la
938 3610 1022 3666 foule
1035 3626 1090 3683 par
1106 3627 1153 3666 ses
1170 3613 1256 3667 lours

181 3697 287 3751 cours,
315 3684 342 3736 il
369 3683 447 3752 faut
473 3683 518 3736 les
553 3683 691 3748 laisser,
742 3685 772 3736 et
802 3698 849 3738 ses
877 3682 1065 3738 bonimonts.
1096 3682 1260 3754 L'adjectif

181 3754 249 3810 c'en
269 3759 317 3808 est
335 3755 365 3808 la
389 3768 546 3823 marque;
569 3758 600 3807 et
619 3756 693 3807 c'est
742 3757 787 3808 est
801 3755 971 3826 posterieur
994 3755 1179 3824 aAuguste.
1202 3754 1251 3810 Cf.

183 3825 216 3880 ld
234 3827 266 3880 la
285 3830 367 3894 part
383 3827 421 3879 de
437 3827 551 3879 l'enuie
566 3825 623 3893 qui
646 3829 694 3878 est
741 3824 783 3879 id.
808 3824 848 3892 ll,
877 3826 904 3890 l,
935 3827 989 3880 15:
1017 3827 1256 3881 circulatoriae

181 3899 317 3966 aueuple
343 3901 374 3951 et
398 3897 456 3966 qui
480 3910 519 3950 ne
545 3898 612 3950 salt
630 3909 693 3962 pas
735 3898 936 3963 jactationis
952 3902 1032 3952 est..

181 3984 243 4038 que
257 3973 338 4024 cette
349 3969 525 4035 repetition
541 3970 623 4021 n’est
630 3981 693 4034 pas
777 3970 1013 4035 Aptissimum:
1023 3992 1032 4017 ‹
1042 3972 1257 4024 Eutretoutes

180 4041 398 4110 fauteencet
419 4040 570 4094 endroit:
596 4040 694 4093 carii
744 4040 788 4093 les
824 4041 1016 4106 differentes
1049 4043 1258 4108 expressions

182 4115 235 4179 n'p
264 4125 285 4165 a
306 4113 401 4178 point
427 4112 465 4163 de
490 4112 577 4178 reple
602 4111 694 4177 pene·
742 4112 1257 4179 quipeueentrendreuneseule

181 4184 263 4236 rale.
283 4204 292 4230 i
311 4182 443 4247 Pascua,
469 4181 608 4246 Parisios,
630 4180 689 4236 Ed.
742 4184 855 4236 denos
874 4185 1026 4250 nausees,
1056 4184 1082 4236 il
1104 4186 1157 4250 n'p
1180 4199 1257 4238 ena

181 4254 293 4321 Havet,
310 4254 335 4322 I,
350 4252 413 4308 102.
741 4257 861 4321 qu'une
876 4256 933 4322 qui
950 4256 1013 4308 soit
1030 4256 1062 4308 la
1078 4256 1191 4309 bonne.
1211 4257 1257 4309 On

217 4325 369 4394 Infelicis
376 4338 501 4392 operae.
511 4325 557 4377 Un
569 4325 694 4377 travail
742 4339 783 4378 ne
800 4327 832 4379 la
848 4330 1021 4380 reucontrc
1030 4341 1090 4393 pas
1109 4329 1256 4392 toujours

181 4397 294 4452 sterile
310 4395 331 4451 d
348 4399 381 4450 la
407 4396 471 4465 fois
496 4399 528 4450 et
543 4396 687 4462 penible.
741 4411 782 4450 en
797 4398 940 4464 parlant
954 4413 995 4451 ou
1017 4413 1057 4451 en
1082 4399 1233 4452 derivant
1244 4414 1256 4464 ,·
