2872 4966
638 296 798 360 ..54-

244 461 346 541 hebet,
363 461 465 522 minus
480 461 673 523 lacertorum.
689 461 793 524 Dulcis
809 462 841 521 in
857 460 964 542 primis
979 470 1009 523 et
1022 468 1131 525 acutus
1151 465 1271 548 Hype-

247 564 361 640 rideS,
389 564 442 623 sed
456 563 626 622 minorihus
642 563 754 642 nausia,
771 569 880 622 utnon
895 563 1024 622 dixerim
1039 564 1153 643 utilior,
1170 568 1269 645 magis

185 661 224 721 78
245 682 310 742 par.
333 663 389 723 His
405 668 502 723 aetate
518 662 646 740 Lysias
662 661 769 740 major,
787 661 906 721 subtilis
921 667 1011 740 atque
1027 662 1148 741 elegans
1163 671 1194 725 et
1208 684 1269 744 quo

247 763 338 840 nihil,
364 762 389 821 si
416 762 526 821 oratori
552 761 625 821 satis
653 762 692 820 sit
719 758 840 838 docere,
856 779 984 839 quaeras
998 763 1182 840 perfectius:
1199 765 1265 824 nihi

189 996 257 1051 sion
291 995 343 1050 des
377 994 450 1050 trois
483 993 597 1063 styles:
627 995 697 1047 sub·
748 991 863 1049 istence
894 993 1026 1062 oratoire
1062 994 1260 1068 d'Hyperide‚

186 1069 294 1135 misse,
313 1069 501 1135 temperate,
522 1066 697 1134 pranditer
748 1063 801 1134 qui
830 1063 945 1119 cultiva
968 1068 1064 1120 avant
1088 1068 1157 1121 tout
1181 1066 1261 1123 l'elo-

186 1140 306 1194 dicere.
328 1138 443 1207 (Doctr.
458 1135 652 1200 christive
748 1149 864 1206 quence
896 1135 1055 1207 politique,
1093 1139 1260 1195 n'autorise

220 1212 444 1266 Lacertorum.
492 1207 580 1262 Ainsi
625 1206 693 1261 Cro.
748 1222 780 1261 ce
792 1206 961 1277 jugement.
977 1207 1071 1262 Outre
1086 1224 1135 1264 ses
1155 1225 1260 1266 souve-

183 1283 278 1336 Brut.
293 1281 339 1347 16,
353 1280 407 1335 64:
424 1281 461 1334 in
477 1280 577 1348 Lysia
599 1293 694 1346 saepe
747 1278 958 1343 nirsinexacts
969 1278 1006 1334 de
1016 1279 1155 1347 Ciceron,
1167 1281 1201 1347 Q.
1214 1285 1259 1337 est

184 1358 263 1408 sunt
292 1355 393 1415 etiam
424 1352 551 1416 lacerti,
581 1351 629 1405 sic
659 1354 695 1403 ut
747 1349 785 1404 ici
815 1350 931 1422 trompe
982 1366 1016 1404 ar
1038 1351 1188 1407 certaines
1212 1368 1258 1408 ex-

183 1426 257 1550 γήονι·
282 1424 370 1477 nibil
389 1423 493 1490 possit
515 1422 693 1477 valentius.

208 1502 264 1551 our
303 1511 335 1550 ce
367 1493 528 1565 jugement
556 1507 608 1547 sur
636 1492 695 1546 Es—

183 1567 282 1633 chIne‚
302 1565 340 1620 cf.
363 1565 442 1620 Dus.
462 1581 514 1637 op.
536 1564 604 1630 cit,
628 1563 692 1635 §5³

183 1635 692 1715 ἀτονώτεροςμὲντοῦΔημοσθένους,

183 1718 211 1777 ὲν
242 1719 273 1779 δὲ
307 1729 340 1796 τῇ
375 1728 430 1775 τῶν
458 1716 562 1785 λέξεων
593 1715 692 1793 ἐκλογή

182 1799 320 1876 πομπικὸς
335 1799 393 1875 ἅμα
406 1799 452 1855 καὶ
467 1797 595 1864 δεινός...

220 1879 411 1945 Hyperides
455 1876 694 1959 Contemporain

183 1949 220 2004 de
252 1948 459 2004 Demosthene
496 1948 528 2002 'et
567 1946 693 2019 d1sciple

182 2020 345 2076 d'Isocrate
360 2036 367 2087 ;
383 2020 472 2090 apres
491 2018 518 2073 le
541 2018 693 2090 triomphe

183 2094 235 2146 des
263 2091 489 2155 Macedonicus,
518 2090 566 2144 fut
593 2090 651 2144 mis
675 2091 694 2145 e

182 2164 264 2218 mort
300 2179 335 2217 ar
349 2162 435 2216 ordre
450 2161 640 2233 d'Antipater
655 2177 692 2215 en

181 2233 244 2289 322.
294 2234 406 2301 iceron‚
431 2235 524 2286 Brut.
551 2236 579 2298 a,
603 2232 649 2295 86,
665 2234 692 2287 lc

181 2320 303 2360 nomme
319 2304 581 2359 immediaternent
604 2304 691 2386 apres

180 2376 387 2431 Demosthene
398 2379 428 2431 et
438 2379 533 2429 avant
545 2375 688 2431 Esehme:

181 2446 691 2514 Huictbemostheni)Hyperides

176 2520 364 2587 praecimus,
390 2518 428 2573 cf.
453 2518 501 2583 36,-
525 2517 596 2583 138;
620 2516 691 2590 plus

180 2590 245 2645 loin
260 2591 316 2654 (17,
336 2590 381 2651 68)
398 2588 422 2643 il
443 2588 580 2643 l'associe
599 2588 617 2642 e
633 2589 689 2660 Ly-

181 2662 243 2716 sias
258 2675 375 2715 comme
388 2661 444 2715 fait
463 2660 503 2715 ici
517 2659 564 2725 Q„
585 2660 604 2714 e
620 2660 691 2716 titre

181 2733 217 2787 de
232 2732 442 2803 representant
460 2731 501 2786 du
525 2747 628 2800 penus
643 2736 690 2786 at-

182 2806 315 2859 ticum:
352 2804 539 2871 Hyperidae
577 2805 691 2858 vetunt

182 2891 249 2934 csse
265 2879 296 2930 et
311 2876 429 2944 Lysiae
445 2874 500 2937 (les
524 2874 599 2928 faux
621 2874 689 2930 atti-

180 2962 255 3018 ques
268 2946 304 3001 de
325 2945 420 3002 Rome
440 2945 478 3001 ct.
499 2945 546 3011 82,
567 2945 640 3012 283),
657 2961 689 3002 ce

180 3018 233 3090 qui
248 3033 265 3072 a
279 3018 406 3089 suggere
418 3018 437 3071 e
450 3016 554 3082 Quint.
577 3015 608 3070 la
630 3033 689 3072 res-

180 3089 302 3144 triction
317 3107 323 3141 ι
338 3090 520 3144 minoribus
543 3089 688 3145 causis...

180 3163 287 3230 magis
297 3175 373 3228 par.

214 3236 346 3287 Acutus.
372 3231 437 3287 Cro.
462 3233 500 3285 cie
520 3232 608 3285 Orat.
632 3230 687 3295 111,

177 3305 204 3367 7,
220 3303 275 3359 28:
296 3318 436 3358 acumen
459 3304 683 3370 Hyperides...

178 3376 302 3430 habuit.
321 3374 401 3430 C'est
417 3390 451 3428 sa
463 3373 580 3445 qualite
593 3373 688 3428 domi-

160 3449 281 3514 nante,
300 3460 417 3500 comme
433 3447 481 3500 ais
496 3444 569 3500 celte
586 3445 687 3500 deDe·

177 3517 350 3573 mosthene.
378 3516 425 3572 Cf.
451 3516 627 3588 pluebant,
653 3518 688 3572 76

177 3591 207 3644 et
221 3589 252 3644 la
275 3595 356 3644 note.
382 3589 429 3644 cf.
455 3589 548 3653 Dum,
569 3603 618 3659 op.
635 3588 686 3644 cit.

175 3669 203 3737 5,
227 3668 264 3724 6:
280 3663 326 3719 καὶ
350 3661 459 3719 συνέσει
480 3660 567 3736 πολλή
607 3673 686 3732 (acu-

176 3754 257 3813 men)
284 3743 472 3820 κεχορήγηται
501 3741 547 3798 καὶ
573 3741 687 3819 χάριτος

177 3819 278 3896 μεστός
307 3823 366 3879 ἐστι
383 3827 501 3892 (dulcis)
521 3821 567 3876 καὶ
595 3820 708 3878 δοκῶν

177 3899 292 3976 ἁπλοῦς,
324 3911 375 3958 σῦκ
399 3901 570 3977 ἀπήλλακται
591 3899 683 3957 δεινό-

175 3999 270 4056 τητος.
285 3983 399 4038 Τούτου
411 3979 551 4058 ζηλωτέον
567 3980 686 4059 μάλιστα

174 4069 230 4116 τῶν
261 4060 416 4138 διηγήσεων
445 4060 477 4117 τὸ
506 4061 605 4119 λεπτὸν
641 4063 686 4118 καὶ

176 4141 346 4216 σύμμετρον.
364 4148 445 4202 Ροιιι·
464 4163 614 4215 acumen,
639 4149 679 4205 ei.

173 4218 226 4274 106
241 4222 271 4275 et
285 4219 316 4274 la
330 4223 411 4274 note.

208 4292 401 4347 Minoribus.
419 4290 496 4347 Rien
521 4291 599 4346 dans
614 4291 683 4346 l’ex·

747 1420 902 1490 pressione
912 1420 949 1476 de
990 1437 1066 1493 enys
1080 1422 1256 1495 tollesque:

747 1493 883 1572 εὔστοχος
911 1493 972 1571 μὲν,
999 1496 1113 1552 σπάνιον
1143 1494 1258 1576 δἀὐξη-

746 1572 832 1643 τικός,
850 1581 903 1651 qui
917 1579 1043 1636 reulent
1067 1581 1131 1637 dire
1153 1598 1213 1654 que
1231 1585 1256 1640 si

746 1650 901 1722 Hyperide
933 1652 997 1706 voit
1035 1652 1106 1707 bien
1146 1652 1176 1708 le
1214 1655 1256 1711 fin

746 1722 836 1778 d'une
860 1738 961 1817 cause,
985 1722 1008 1806 ii
1033 1723 1124 1807 noia
1145 1726 1256 1796 grossit

745 1793 1254 1938 inmansuetissime

745 1952 775 1990 v.
792 1935 820 1990 J.
836 1935 972 2002 Gronau,
993 1939 1117 1993 Ebudes
1131 1954 1192 1993 sur
1207 1939 1254 1995 οό-

748 2009 899 2077 taquencc
921 2009 1060 2078 atticae,
1073 2009 1111 2065 85
1124 2011 1155 2063 et
1169 2011 1249 2068 suiv.

780 2102 825 2158 78.
855 2104 983 2172 Lysias,
1008 2105 1046 2159 ne
1073 2106 1091 2159 e
1118 2105 1253 2162 Athenes

744 2189 813 2228 vers
838 2174 901 2240 459,
926 2175 974 2229 fut
1000 2179 1096 2238 avant
1118 2179 1187 2233 tout
1213 2194 1253 2233 uu

745 2249 862 2313 avocat,
887 2246 1064 2302 c'est-e-dire
1086 2247 1161 2320 qu'il
1185 2249 1254 2304 ecri-

744 2316 790 2370 vit
805 2333 883 2389 pour
906 2316 960 2372 des
982 2317 1089 2374 cliente
1111 2319 1156 2375 les
1180 2319 1253 2392 plai-

744 2387 854 2458 doyers
877 2388 967 2471 qu'ils
996 2389 1120 2472 ayaient
1148 2391 1253 2464 epre

744 2473 871 2586 tetta
885 2462 1252 2591 interiacente

744 2600 891 2658 discours.
914 2602 1020 2674 Denys
1041 2603 1087 2658 lui
1110 2620 1149 2660 en
1169 2607 1252 2661 attri-

742 2672 803 2728 bne
815 2673 886 2744 plus
900 2673 936 2728 de
950 2674 1004 2730 aab
1018 2676 1249 2749 authentiques3

743 2748 868 2800 mourut
882 2746 900 2798 e
914 2745 991 2815 Pege
1003 2746 1040 2801 de
1051 2746 1088 2802 sb
1102 2762 1169 2804 ans.

779 2817 928 2873 Subtitis.
946 2816 994 2873 cf.
1008 2816 1074 2873 Cre.
1100 2821 1140 2874 de
1163 2821 1249 2876 Orat.

742 2885 799 2953 ΙΙΙ,
824 2888 851 2954 7,
875 2887 930 2943 28:
954 2890 1174 2946 subtilitatem
1194 2894 1251 2961 Ly·

742 2960 851 3014 sias...
877 2961 1002 3016 babuit.
1025 2963 1119 3016 Brut.
1144 2962 1172 3026 9,
1195 2962 1249 3020 35:

742 3030 779 3083 in
791 3032 901 3085 causis
911 3031 1098 3100 forensibus
1107 3048 1174 3088 non
1184 3048 1251 3090 aer·

740 3104 845 3168 satus,
875 3105 931 3158 sed
961 3105 1088 3173 eprepie
1119 3106 1250 3162 subtilis

740 3174 882 3240 scriptor
911 3177 1010 3243 atque
1052 3177 1187 3244 elepans
1219 3182 1249 3233 et

741 3259 836 3312 quem
845 3248 920 3312 jam
933 3260 1032 3314 prope
1045 3249 1250 3305 audeasora-

741 3320 842 3370 torem
854 3316 1039 3385 perfectum
1062 3319 1181 3374 dicere.
1201 3318 1248 3375 Cf.

740 3392 820 3448 Dan.
846 3410 895 3467 op.
912 3395 962 3451 cit.
985 3396 1012 3460 5,
1028 3398 1064 3451 1;
1081 3390 1193 3469 κομψὸς
1205 3394 1250 3449 καὶ

740 3465 844 3566 ἀληθής
884 3470 930 3524 καὶ
970 3479 1026 3526 τῶν
1082 3473 1249 3550 ἀττικισμῶν

739 3563 900 3681 eviiiictire.
923 3625 1004 3682 Dnu.
1026 3627 1090 3694 (ih.)
1112 3632 1249 3695 consiste

738 3695 909 3767 egalement
933 3696 962 3752 le
986 3699 1138 3757 caractere
1156 3702 1248 3774 prati·

738 3783 796 3838 que
812 3767 849 3823 de
861 3767 1047 3840 l'eloquence
1060 3770 1098 3825 de
1111 3770 1223 3844 Lysias
1237 3788 1244 3829 :

738 3841 753 3896 ὁ
795 3841 941 3909 Λυσιακὸς
981 3841 1068 3918 λόγος
1107 3845 1178 3921 πρὸς
1215 3846 1247 3904 τὸ

736 3921 874 3999 χρήσιμον
909 3924 955 3978 καὶ
989 3925 1142 3999 ἀναγκαῖον
1175 3926 1248 3985 ἐστὶν

737 4003 912 4078 αὐτάρκης...
931 4008 1013 4064 Pour
1024 4008 1056 4065 la
1074 4010 1247 4069 restrictiou

736 4079 772 4133 de
788 4079 905 4148 Quint,
931 4080 970 4135 ci.
993 4080 1045 4148 IV,
1069 4081 1098 4147 ὃ,
1119 4082 1154 4138 6:
1183 4098 1246 4139 nan

737 4153 826 4205 enirn
842 4153 948 4206 sotum
966 4154 1108 4209 oratoris
1130 4159 1179 4210 est
1196 4158 1246 4213 do·

735 4236 823 4290 cere,
857 4224 913 4278 seat
944 4224 1022 4291 ptus
1058 4226 1246 4295 eloquentia

735 4295 823 4349 circa
840 4296 1032 4350 inbuendum
1047 4297 1146 4353 ualet.
