2872 4966
299 459 366 518 tum
382 455 516 516 mirabor
532 472 691 533 umquam,
706 471 799 533 quem
813 452 1009 531 jurgantibus
1024 456 1116 518 etiam
1129 459 1322 522 mulierculis

299 554 438 615 videmus
453 555 652 634 superfluere,
664 571 735 613 cum
746 571 791 630 eo,
803 552 906 632 (quod)
920 555 946 613 si
960 555 1040 616 calor
1049 575 1084 617 ac
1095 558 1221 638 spiritus
1236 562 1320 640 tulit,

298 652 474 730 frequenter
483 651 598 714 accedit
613 657 648 711 ut
657 668 834 710 successum
845 651 1080 731 extemporalem
1090 658 1233 736 consequi
1245 674 1322 720 cura

241 749 280 809 14
304 770 366 811 non
380 751 485 832 possit.
499 752 598 812 Deum
613 748 846 827 tuncadsuisse,
871 769 942 810 cum
965 752 996 811 id
1020 755 1180 834 evenisset,
1204 765 1324 820 veteres

299 855 445 927 oratores,
456 856 491 909 ut
506 850 622 926 Cicero,
635 847 824 932 dictitabant.
837 849 896 910 Sed
906 852 982 911 ratio
996 854 1157 915 manifesta
1171 861 1227 916 θεῖ.
1238 858 1321 919 Nam

301 947 378 1008 hene
393 949 530 1028 concepti
547 947 685 1008 adfectus
699 952 729 1006 et
742 952 880 1007 recentes
894 967 998 1008 rerum
1013 951 1162 1030 imagines
1176 954 1321 1017 continuo

300 1047 417 1126 impetu
446 1047 600 1124 feruntur,
622 1063 700 1124 quac
725 1064 956 1124 nonnumquam
980 1067 1064 1110 mora
1089 1052 1150 1111 stili
1172 1054 1319 1131 refriges-

301 1151 375 1205 cunt
391 1151 421 1206 et
441 1144 551 1205 dilatae
576 1163 638 1204 non
659 1148 864 1204 revertuntur.
887 1146 1003 1224 Utique
1016 1167 1098 1227 vero,
1124 1169 1195 1210 cum
1210 1152 1318 1215 infelix

301 1244 352 1304 illa
366 1242 529 1304 verborum
544 1243 692 1304 cavillatio
715 1242 843 1304 accessit
866 1248 896 1302 θῖ
909 1263 1019 1305 cursus
1034 1247 1072 1306 ad
1094 1248 1214 1327 singula
1229 1252 1324 1313 vesti-⁴

301 1342 350 1421 gia
365 1342 486 1416 restitit,
504 1361 565 1402 non
580 1346 678 1421 potest
692 1341 765 1402 ferri
788 1347 923 1404 contorta
937 1344 994 1421 vis,
1011 1345 1076 1422 sed,
1091 1353 1125 1406 ut
1140 1349 1252 1426 optime
1265 1371 1317 1411 vo·

259 1499 265 1509 ,
298 1457 372 1501 cum
385 1441 575 1518 singularum
590 1441 677 1501 cedat
691 1439 808 1518 electio,
832 1460 893 1500 non
908 1443 1064 1520 continua,
1083 1445 1136 1504 sed
1150 1450 1318 1527 composita
1334 1481 1335 1486 .

299 1544 356 1600 est.

237 1707 315 1771 aaut.
328 1715 375 1772 cf.
391 1715 419 1781 3,
430 1717 447 1773 7
458 1719 488 1772 et
502 1715 533 1771 la
547 1718 628 1771 note.
645 1715 749 1771 Coati-
799 1706 986 1832 pendantde
1000 1713 1088 1766 Orat·
1102 1711 1126 1779 Ι,
1139 1715 1185 1782 46,
1198 1715 1263 1785 302,
1278 1719 1319 1774 ou

236 1786 566 1859 nuaorarioffifplus
577 1787 634 1842 has
647 1785 750 1857 §26,-
798 1795 808 1834 1
842 1782 889 1834 est
914 1779 960 1835 (nt
974 1780 1011 1836 de
1033 1780 1179 1842 l'homme
1196 1787 1250 1858 qui
1267 1788 1317 1844 fut

236 1861 381 1917 Fortuiti
393 1876 404 1913 .·
414 1859 468 1931 qui
478 1858 563 1914 coule
574 1875 614 1913 au
625 1857 748 1913 hasard.
797 1849 826 1904 le
838 1851 969 1921 premier
984 1858 1126 1912 orateur:
1148 1872 1216 1913 ease
1232 1861 1314 1917 deus

272 1933 492 2000 superfluere.
538 1931 637 1986 Meme
678 1945 750 1985 sens
794 1927 949 1990 putatur,
968 1929 1014 2008 ,ut
1042 1928 1208 1995 etipsuru,
1227 1935 1315 2001 quod

237 2001 307 2058 ohez
331 2001 468 2069 Ciceron,
494 2004 589 2058 Brut.
614 2001 660 2068 91,
673 2000 748 2057 316:
800 1997 873 2047 erat
887 1994 1223 2068 homtarspropriuru,
1247 2019 1314 2058 aaa

238 2073 343 2146 (Molo)
365 2076 456 2129 dedit
481 2088 614 2142 operam
643 2073 751 2127 utai-
795 2070 934 2133 partum
946 2081 1008 2135 per
1032 2084 1097 2135 uos,
1120 2073 1317 2129 seddiriru'-

239 2147 302 2216 ἠήρ
317 2147 545 2200 redundantes
561 2160 619 2200 nos
648 2148 679 2199 ec
693 2159 753 2198 su·
802 2139 907 2191 tusacl
916 2152 973 2194 uos
983 2141 1131 2196 delatum
1140 2143 1319 2202 videretur.

233 2217 594 2287 perfluentcsyuoeatti
605 2217 752 2286 quadam
836 2209 932 2264 Ratio
948 2212 1130 2280 manifesta
1146 2219 1203 2270 est.
1220 2214 1268 2270 Cf.
1286 2217 1314 2281 5,

239 2289 372 2345 ateeuar
387 2289 590 2356 impunitate
606 2292 636 2342 er
649 2289 754 2342 uceu-
799 2276 828 2344 3,
842 2283 941 2335 memo
956 2283 1144 2367 expression.

241 2361 290 2414 tia
300 2360 496 2428 reprimeret
507 2363 537 2414 at
549 2359 645 2429 quasi
657 2362 752 2413 caetra
836 2353 923 2406 Beue
954 2360 1122 2422 concepti:
1162 2357 1319 2414 vivement

239 2432 332 2499 ripas
347 2430 716 2500 diffluentescoarcerct.
802 2437 942 2506 contusa,
969 2426 1203 2496 prolondement
1226 2445 1320 2486 enra-

275 2503 354 2557 Cum
383 2516 459 2558 aa...
490 2502 628 2558 accedit.
658 2499 753 2555 Halm
802 2494 1134 2560 mutuaenutuae:
1152 2501 1319 2570 imapiucs

240 2571 392 2644 remplaoe
414 2587 489 2628 cum
516 2586 551 2627 eo
565 2587 621 2643 par
636 2573 752 2637 video;
802 2580 960 2649 mmm.
973 2570 1125 2638 quisquis
1148 2573 1226 2627 berre
1247 2589 1318 2628 coa-

240 2646 270 2698 et
284 2643 376 2714 garde
391 2646 486 2713 quod,
502 2659 535 2699 oe
559 2643 615 2716 qui
630 2643 729 2698 donne
746 2659 752 2698 :
803 2642 934 2705 caperat,
949 2655 978 2694 rs
994 2641 1057 2694 erit
1073 2643 1108 2695 iu
1131 2644 1318 2711 adfectibus

240 2716 448 2784 superfluere,
484 2715 597 2775 rideo:
638 2715 753 2784 quodsi
797 2710 1071 2778 potentissimum
1098 2716 1129 2767 et
1143 2713 1214 2786 plus
1229 2715 1317 2781 haut,

240 2787 363 2841 calor...
384 2787 536 2842 accidit...
561 2786 685 2842 Meister
700 2785 754 2840 de·
801 2780 829 2844 3,
849 2780 885 2834 20
899 2794 905 2834 :
920 2783 1027 2836 prauis
1044 2798 1127 2852 ortae
1151 2791 1223 2841 crat
1239 2802 1319 2843 coa-

241 2855 752 2927 fendlalooution:cumeoquoa..
803 2855 894 2919 cepta
924 2854 1045 2909 mertis
1069 2856 1221 2912 iutcatr'o.
1252 2861 1321 2913 Act-

265 2928 295 2983 ui
317 2943 349 2984 se
363 2933 521 2984 rencontre
542 2928 669 2984 ailleuro
682 2928 754 2983 ohez
803 2922 917 2992 fectus,
939 2939 979 2978 au
1016 2923 1105 2980 luriel
1120 2926 1198 2983 n'est
1210 2945 1266 3002 pas
1283 2931 1320 2987 de

241 2944 345 3066 guina
362 2998 453 3067 (11.1,
468 2999 527 3068 30),
544 3002 574 3055 θῖ
587 2999 658 3055 chez
674 2998 755 3054 d'au-
803 2994 833 3048 la
848 2993 969 3076 latinite
984 2941 1147 3069 classique.

242 3077 304 3126 tres
314 3070 464 3126 ecrivains
474 3071 510 3126 de
523 3070 669 3143 l'empire,
682 3085 755 3126 aveo
838 3063 1081 3134 Resrtaescuat.
1104 3069 1152 3124 Gt.
1168 3070 1196 3139 3,
1209 3071 1227 3126 6
1242 3087 1319 3128 avec

242 3140 270 3198 le
283 3157 373 3196 sens:
401 3144 491 3198 alors
506 3142 587 3212 qu'it
616 3142 754 3210 s'oa'oute
803 3135 835 3191 lu
845 3137 931 3218 uole-
948 3136 1007 3209 lly
1023 3155 1041 3192 a
1060 3139 1098 3195 ici
1114 3156 1174 3196 une
1189 3146 1270 3198 sorte
1282 3142 1320 3199 de

242 3212 369 3279 aceta,·
395 3213 502 3269 o.·a-d.
518 3228 593 3269 cura
608 3229 643 3268 co
662 3228 756 3268 acce·
804 3207 959 3277 ohiasme3
982 3210 1205 3280 refrtpescuut
1233 3219 1279 3269 est
1302 3216 1321 3270 a

242 3285 290 3340 dit
316 3283 409 3354 quod.
433 3289 515 3340 Aveo
538 3285 661 3340 accidit
691 3283 754 3338 ala
804 3282 962 3351 rapporter
976 3281 995 3335 a
1007 3282 1158 3351 adfectus
1172 3289 1202 3339 et
1216 3300 1321 3341 rever-

242 3355 333 3422 suito,
360 3355 425 3410 cela
450 3360 496 3412 est
520 3355 592 3411 bien
621 3355 688 3412 dur.
723 3354 756 3411 Si
806 3355 926 3405 luatur
954 3352 973 3405 a
1013 3355 1187 3424 imaaiaes.
1219 3355 1319 3414 Mimo

242 3425 270 3482 le
295 3430 376 3482 texte
401 3429 447 3482 θεῖ
472 3442 650 3499 corrompu‚
677 3442 755 3481 nous
804 3423 925 3494 pansae,
941 3421 969 3486 3,
986 3423 1031 3479 33.

243 3511 373 3568 croyons
388 3514 446 3580 que
460 3497 492 3552 la
505 3497 590 3553 faute
610 3503 656 3553 est
679 3497 755 3552 dans
840 3493 1000 3562 Infelix...
1015 3499 1196 3553 cavillatio.
1226 3497 1273 3553 Cf.
1290 3499 1319 3567 3,

243 3572 338 3638 quod,
354 3585 408 3640 qur
421 3585 498 3624 aura
513 3569 620 3626 amane
633 3570 755 3625 accidit
804 3564 850 3633 10,
868 3568 897 3619 et
911 3566 937 3648 1,
952 3567 1006 3622 115
1020 3584 1029 3637 ;
1059 3574 1089 3625 θῖ
1102 3586 1181 3642 pour
1195 3571 1321 3640 iufetior

242 3655 320 3712 pour
334 3643 470 3697 aceedit.
804 3656 836 3679 =
850 3636 963 3704 stinle,
979 3639 1006 3707 1,
1021 3641 1038 3695 7
1053 3657 1125 3697 avec
1139 3641 1170 3696 la
1185 3647 1265 3698 note.

277 3713 434 3780 Spiritus.
460 3712 507 3768 Cf.
533 3713 561 3780 1,
586 3711 643 3781 133
669 3711 704 3767 27
726 3715 756 3768 et
841 3709 936 3763 Ferri
952 3716 1098 3768 coratorta
1126 3715 1185 3769 vis.
1215 3712 1320 3838 Imape

240 3783 287 3849 41,
311 3798 386 3838 aveo
404 3782 449 3838 les
464 3787 551 3839 notes
575 3785 640 3838 tce
656 3787 753 3841 mot...
806 3781 983 3861 empruntee
998 3799 1061 3837 aux
1081 3785 1229 3840 exeruioes
1241 3786 1282 3839 mi
1298 3786 1320 3839 i-

243 3855 346 3919 Tulit,
362 3870 478 3911 comme
491 3855 623 3911 l'aoriste
639 3871 676 3909 cn
688 3872 756 3925 grec
808 3855 908 3915 lass'e's,
941 3868 980 3906 au
1009 3855 1197 3911 maniement
1224 3856 1260 3911 tle
1288 3855 1321 3912 la

241 3940 394 3996 pourune
414 3927 756 3999 aotionsouventrepe'-
805 3922 912 3977 fronde
942 3939 981 3978 ou
1004 3925 1045 3979 du
1064 3926 1148 3996 javel
1170 3931 1191 3981 t.
1213 3926 1260 3983 Cr.
1288 3927 1320 3982 la

244 3997 300 4051 tie.
315 3994 615 4069 cf.§14aceesstt...
630 3998 756 4053 restitit
806 3998 876 4067 note
892 3994 910 4047 ai
937 3995 1103 4052 vibrantes
1119 4002 1316 4065 sententiae,

242 4067 756 4137 et3,ttrafrioriteti,63:ettu·
806 4065 833 4130 1,
849 4063 992 4146 603P0ur
1005 4066 1101 4135 ferri,
1128 4069 1183 4136 IX,
1200 4071 1226 4137 4,
1241 4071 1318 4126 112:

243 4139 288 4194 sit
304 4144 334 4193 ei
349 4139 384 4193 in
399 4154 527 4196 amores
543 4142 719 4196 descendit,
806 4136 916 4190 Oratio
932 4136 1014 4205 ferri
1031 4141 1122 4195 debet
1151 4156 1189 4196 ac
1203 4137 1318 4211 J‘ltte‘t‘e.

281 4211 326 4266 11.
342 4214 454 4266 Deum.
479 4211 505 4266 ll
519 4211 604 4283 n'ya
619 4212 705 4295 point
720 4211 756 4266 de
848 4206 885 4258 Ut
909 4229 941 4251 =
967 4223 1007 4264 eu
1036 4214 1224 4267 admettaut
1249 4230 1318 4284 que.

246 4298 375 4354 passage
389 4282 425 4338 de
437 4283 562 4338 Ciceron
578 4299 632 4355 qur
647 4297 757 4337 corres-
805 4276 844 4332 Κ.
861 4277 974 4359 Gr3L.
991 4280 1031 4348 ΙΙ,
1044 4283 1107 4352 822,
1121 4284 1157 4338 Α.
1174 4285 1201 4340 5.

245 4353 345 4424 ponde
358 4355 376 4408 a
391 4358 468 4409 cette
482 4354 618 4410 citation.
646 4355 681 4410 V.
706 4368 756 4408 oe·
843 4349 1026 4409 Continuo.
1045 4397 1076 4411 ..
1123 4357 1315 4425 composita.
