2872 4966
580 305 761 375 -147-

119 461 185 541 ipsa
199 461 276 522 serie
290 461 373 522 velut
394 462 482 542 duce,
499 468 621 542 propter
644 463 724 542 quod
746 462 886 524 homines
911 463 1003 523 etiam
1017 459 1135 524 modice

120 561 274 620 exercitati
315 559 457 620 facillime
492 567 628 621 tenorem
661 561 694 621 in
736 561 961 622 narrationibus
1001 567 1132 622 servant.

119 658 246 731 Deinde,
264 658 338 737 quid
352 677 472 737 quoque
486 660 549 745 loco
563 665 722 739 quaerant,
741 661 848 738 scient,
864 679 920 720 nec
934 661 1137 740 circumspec-

121 758 231 818 tabunt
240 777 296 818 nec
311 759 506 819 offerentibus
520 779 553 820 se
571 760 694 820 aliunde
710 759 851 819 sensibus
865 760 1071 821 turbabuntur
1080 780 1136 821 nec

124 857 311 917 contundent
328 877 366 918 ex
390 857 516 918 diversis
537 860 703 920 orationem
724 859 807 918 velut
825 859 966 920 salientes
988 860 1050 919 huc
1064 859 1137 920 illuc

124 974 180 1015 nec
195 974 326 1033 usquam
346 956 532 1017 insistentes
557 958 715 1018 Postremo
737 957 895 1017 habebunt
914 958 1040 1019 modum
1059 965 1089 1020 et
1103 960 1136 1018 fi-

124 1072 207 1130 nem,
224 1055 277 1133 qui
293 1074 360 1115 esse
384 1056 460 1116 citra
486 1055 665 1116 divisionem
680 1056 785 1116 nullus
801 1060 909 1134 potest.
925 1057 1061 1136 Expletis
1084 1078 1139 1138 pro
1180 1059 1199 1118 7

126 1152 268 1214 facultate
281 1154 435 1234 omnibus,
456 1175 534 1235 quae
553 1155 776 1236 proposuerint,
797 1155 971 1233 pervenisse
992 1175 1024 1216 se
1038 1157 1076 1216 ad
1091 1156 1138 1217 ul-

126 1256 237 1329 timum
252 1253 393 1314 sentient.

165 1366 203 1426 Et
224 1368 299 1427 haec
313 1367 438 1445 quidem
451 1387 488 1429 ex
511 1373 588 1446 arte,
613 1367 665 1429 illa
679 1386 749 1428 vero
773 1386 810 1428 ex
824 1368 937 1430 studio.
962 1369 1003 1431 Ut
1024 1371 1142 1450 copiam

127 1465 277 1524 sermonis
292 1466 409 1544 optimi,
426 1467 685 1545 quemadmodum
705 1472 901 1546 praeceptum
915 1473 972 1547 est,
988 1487 1143 1548 compare·

127 1581 209 1639 mus,
225 1563 322 1623 multo
335 1561 370 1625 ac
385 1564 466 1624 fideli
481 1564 549 1625 stilo
563 1565 607 1625 sic
627 1565 775 1626 formetur
788 1565 892 1642 oratio,
910 1571 944 1626 ut
959 1565 1143 1646 scriptorum

128 1660 258 1720 colorem
282 1661 373 1722 etiam
396 1681 474 1740 quae
502 1663 602 1723 subito
625 1664 720 1723 effusa
747 1663 810 1723 sint
834 1663 974 1740 reddant,
1001 1670 1047 1742 ut,
1073 1684 1143 1725 curn

128 1760 225 1821 multa
240 1760 462 1839 scripserimus,
480 1762 572 1822 etiam
584 1761 680 1823 multa
694 1761 843 1823 dicamus.
862 1763 942 1822 Nam
957 1764 1144 1824 consuetudo

114 1862 159 1918 ·et
172 1859 344 1919 exercitatio
363 1859 537 1920 facilitatem
551 1861 683 1921 maxime
704 1861 802 1941 parit:
825 1880 903 1940 quae
918 1862 944 1921 si
958 1863 1085 1942 paulum
1098 1863 1145 1922 in·
1186 1862 1205 1922 8

129 1957 270 2017 termissa
284 1957 385 2033 tuerit,
402 1976 463 2017 non
478 1958 618 2019 velocitas
638 1959 690 2019 illa
705 1959 793 2019 modo
808 1959 956 2038 tardatur,
974 1960 1027 2020 sed
1043 1960 1145 2039 ipsum

129 2074 162 2114 os
176 2055 234 2114 coit
251 2060 342 2134 atque
362 2057 526 2116 concurrit.
543 2057 736 2137 Quamquam
755 2059 839 2118 enim
862 2077 938 2138 opus
952 2064 998 2119 est
1013 2057 1145 2120 naturali

165 2207 646 2264 Modicceooarcitati.Re'tloxion

131 2276 282 2349 analoguo
302 2277 373 2350 plus
388 2278 474 2347 haut,
490 2280 517 2345 3,
532 2280 568 2334 16
579 2294 586 2334 :
598 2281 646 2335 sic

132 2351 222 2404 nobis
249 2353 279 2404 et
308 2351 411 2405 initia
440 2356 469 2405 ct
496 2365 577 2421 oriae
601 2366 646 2406 sc-

132 2426 284 2492 quuntur
303 2426 429 2477 notura
443 2423 516 2490 ipsa
527 2437 647 2491 proes-

132 2493 239 2559 cribit,
255 2494 314 2548 etc.

87 2580 90 2587 ·
169 2565 289 2629 scient,
299 2563 327 2619 le
338 2563 447 2637 pluriel
463 2565 648 2637 661666616-

133 2636 225 2704 quis;
242 2639 350 2691 amene'
366 2652 422 2709 par
439 2638 587 2692 homines
601 2637 647 2691 in-

134 2707 266 2778 torpose.

170 2779 336 2833 Sensibus.
352 2777 400 2834 cf.
419 2777 448 2846 3,
463 2778 517 2836 33:
532 2780 648 2848 optimi

134 2863 247 2903 sensus
260 2851 288 2903 et
303 2848 334 2904 la
348 2853 430 2905 note.

169 2922 220 2974 En
233 2922 383 2976 diversis.
401 2921 588 2993 Expression
599 2921 650 2976 ad-

94 3030 97 3037 .
134 2990 291 3062 verbiale;
326 2992 396 3065 plns
424 2993 649 3065 frequemment

136 3079 177 3118 eac
210 3065 357 3130 diverso,·
392 3066 409 3119 6
447 3064 602 3120 rattacher
634 3065 652 3119 d

136 3134 352 3203 confundent.
368 3135 410 3191 Ils
430 3135 652 3192 n'embrouille-

137 3209 207 3260 roni
243 3222 276 3261 as
293 3206 321 3261 16
341 3207 479 3262 discours
494 3223 532 3263 en
548 3223 567 3277 y
586 3211 653 3262 me-

137 3223 269 3332 lantdes
287 3277 530 3335 considerations
553 3279 652 3334 etran-

138 3349 265 3419 geres...
293 3349 341 3404 Cf.
364 3349 435 3421 plus
454 3350 541 3414 haut,
555 3350 583 3418 5,
599 3350 650 3405 23:

138 3434 200 3489 quo
215 3420 254 3492 fit
279 3425 350 3474 ut...
372 3421 486 3490 priora
511 3422 654 3492 confun-

728 2211 850 2265 Hocc...
871 2224 911 2265 coo
935 2214 1019 2276 orte,
1040 2210 1143 2279 iiio...
1167 2224 1207 2264 eoo

693 2283 817 2337 studio.
854 2281 900 2336 La
928 2281 1043 2336 theoria
1070 2279 1208 2353 s’appuie

694 2367 748 2407 sur
771 2352 823 2407 des
851 2353 1018 2425 preceptes,
1043 2351 1154 2407 l'etude
1176 2367 1208 2405 se

694 2423 752 2478 fait
771 2438 827 2496 par
843 2422 874 2478 la
898 2424 1049 2496 pratique.
1072 2425 1138 2478 lito
1158 2422 1210 2477 de·

695 2495 780 2566 signe
791 2494 835 2549 les
851 2495 999 2551 exercices
1015 2495 1115 2550 divers
1127 2509 1208 2548 ame-

694 2581 749 2720 lii
762 2566 1208 2710 litttnttltltttalttta

696 2709 1032 2840 qudriiincitderdidum:
1045 2781 1122 2836 dans
1138 2781 1208 2836 tout

696 2851 724 2907 le
738 2851 780 2906 Xt
794 2851 880 2908 livre.

740 2924 777 2976 Ui
802 2923 1012 2992 scriptorum.
1029 2921 1072 2979 Le
1101 2918 1213 2979 second

698 2999 736 3048 ut
751 2993 871 3066 depend
881 2994 917 3049 de
928 2997 994 3061 sic;
1008 2995 1037 3050 16
1046 2995 1211 3056 troisieme‚

698 3070 734 3120 ut
749 3081 824 3121 cum
839 3068 958 3129 multu,
968 3066 1032 3122 doit
1076 3070 1139 3122 etre
1153 3068 1213 3120 rat·

699 3136 788 3192 tache
810 3135 1001 3208 egolement:
1026 3083 1139 3209 piirase
1164 3137 1214 3208 pc·

699 3208 792 3264 niblo.
819 3211 1025 3276 Scriptorum
1047 3225 1087 3263 au
1106 3214 1214 3264 neutro

698 3294 777 3353 pour
819 3294 931 3334 corum
971 3294 1056 3350 quae
1093 3281 1215 3350 scripto

699 3355 813 3408 sunt...
836 3382 871 3391 —
886 3353 1036 3419 Colorem,
1059 3351 1098 3406 cf.
1122 3351 1150 3420 6,
1174 3352 1211 3405 5:

701 3424 935 3490 ensemporatts
948 3425 1034 3480 color
1048 3426 1078 3478 et
1091 3421 1123 3478 lo
1132 3425 1213 3477 noto.

138 3494 244 3556 dont;
259 3491 325 3557 613,
340 3491 385 3549 32.

175 3563 266 3618 Citra
277 3563 483 3620 divisionem.
496 3565 554 3621 Sur
568 3567 654 3622 citra

140 3649 266 3760 atitsens
286 3635 323 3690 dc
348 3638 431 3703 sine,
446 3637 485 3692 ct.
505 3639 533 3704 l,
548 3637 567 3692 2
581 3639 610 3692 et
624 3635 656 3690 la

140 3720 181 3761 no
197 3722 222 3761 e.

176 3779 202 3832 7.
220 3781 307 3839 Quae
317 3780 571 3848 proposuerint;
584 3795 657 3835 aveo

735 3496 862 3561 Effusa.
897 3495 943 3550 De
976 3498 1086 3559 meme,
1114 3494 1142 3560 3,
1162 3494 1214 3552 17:

700 3658 733 3681 =
749 3635 777 3691 16
792 3637 923 3692 resultat
935 3635 1008 3692 d'un
1043 3638 1151 3692 remier
1160 3637 1214 3708 jet.

737 3707 765 3764 8.
806 3709 964 3764 velocitas
994 3653 1064 3763 iiia.
1096 3708 1138 3763 Le
1168 3707 1216 3761 de·

702 3782 831 3836 monstr.
847 3783 893 3834 est
907 3780 1104 3851 emphatiquo
1119 3793 1126 3835 :
1140 3781 1217 3835 cette

142 3850 289 3906 omission
305 3851 341 3906 de
364 3852 426 3906 sibi
449 3853 658 3923 appartienta
703 3851 833 3923 rapidite
856 3867 915 3922 que
938 3850 1000 3906 l'on
1016 3855 1089 3906 veut
1104 3851 1219 3922 acquo-

141 3920 173 3977 la
186 3920 307 3978 latinite
328 3922 365 3978 de
391 3923 536 3994 l’empire.
559 3923 606 3978 Cf.
621 3923 655 3991 V,
704 3923 746 3978 rir
760 3938 800 3977 ou
814 3938 873 3995 que
888 3922 949 3977 l'on
965 3939 984 3977 a
1002 3922 1136 3994 acquise.

141 3992 187 4055 10,
203 3992 275 4051 109:
291 4009 347 4050 nec
362 3995 475 4051 rninua
488 3996 524 4049 in
541 3996 658 4051 noccu·
740 3995 812 4050 Os...
836 3995 1037 4050 concurrit...
1049 3993 1096 4049 Cf.
1117 3993 1168 4059 xl,
1188 3992 1216 4056 3,

143 4077 202 4118 roc
218 4066 308 4119 debet
318 4067 478 4133 adhiberi,
493 4069 573 4136 quid
580 4082 659 4137 pro·
703 4065 906 4122 setestatus
921 4081 1101 4121 concursus
1109 4066 1177 4120 oris
1188 4070 1219 4119 61

141 4138 341 4202 ponendum,
371 4152 471 4206 quoin
501 4140 658 4208 quomodo
705 4152 780 4193 curn
807 4139 912 4193 corbis
932 4139 1003 4193 suis
1031 4137 1219 4197 colluctatio

146 4207 192 4260 sit
206 4208 292 4274 quod
302 4210 512 4275 proposueris
522 4211 660 4278 proban·
705 4212 736 4264 et
751 4207 804 4270 XI,
828 4209 856 4264 3.
872 4208 923 4264 121
938 4224 945 4263 :
969 4209 1020 4263 liis
1048 4210 1218 4271 accedunt,

146 4279 236 4330 dum.
264 4279 447 4345 Proponerc
477 4280 603 4352 indique
628 4279 659 4334 la
705 4281 787 4335 vitio
803 4295 868 4335 non
883 4285 1027 4334 naturae
1042 4281 1099 4334 secl
1117 4280 1221 4347 tropi-

700 3571 899 3633 coinponunt
918 3580 1002 3635 quoe
1026 3567 1216 3634 effuderunt
1290 3593 1292 3596 >

146 4348 354 4404 construction
387 4347 459 4404 d'un
487 4350 581 4423 plan,
605 4366 658 4407 coo·
705 4351 864 4418 dationis,
900 4365 975 4407 curn
1004 4354 1220 4406 concurrente
1326 4348 1329 4353 ’

140 4422 234 4490 plere
249 4434 305 4476 son
326 4419 496 4476 executioni
527 4444 537 4498 f
559 4435 567 4476 .·
702 4434 758 4478 oro
779 4423 926 4479 rixari...
951 4442 963 4472 α
984 4423 1023 4478 Os
1040 4422 1222 4494 concurrit,
1291 4426 1294 4431 '
