2872 4966
608 292 787 356 -105-

150 462 223 503 nam
245 442 271 502 is
296 447 326 502 et
348 441 492 520 adjuvare
514 439 614 516 dehet,
630 457 708 518 quae
731 440 763 499 in
784 458 903 518 quoqne
927 458 1032 499 eorum
1054 439 1170 501 invenit

151 541 240 619 bona,
250 547 289 617 et,
303 546 452 620 quantum
467 539 533 598 fieri
549 543 656 617 potest,
668 538 798 599 adiicere
810 557 887 618 quae
898 539 1009 599 desunt
1023 545 1053 599 et
1067 558 1170 600 emen·
1281 559 1283 564 ·

151 640 223 700 dare
237 640 386 718 quaedam
402 644 432 698 61
447 642 586 697 mutare:
604 642 702 696 rector
724 637 806 697 enim
828 643 874 696 est
895 638 1064 699 alienorum
1087 640 1170 717 inge-

150 740 272 800 niorum
286 745 377 817 atque
390 738 548 796 formator.
561 735 723 795 Difficilius
736 740 781 795 est
791 742 933 796 naturam
944 755 1030 797 suam
1041 738 1167 815 fingere.

151 836 210 898 Sed
234 855 273 896 ne
295 836 345 896 ille
369 835 493 913 quidem
520 833 633 908 doctor,
660 853 847 912 quamquam
871 835 972 895 omnia
996 854 1073 913 quae
1088 843 1168 897 recta
1189 837 1226 897 21

150 941 222 995 sunt
236 934 308 994 velit
322 953 389 994 esse
403 933 435 992 in
450 933 514 992 suis
529 932 719 992 auditoribus
731 951 824 1011 quam
835 932 1022 1011 plenissima,
1035 935 1066 994 in
1078 953 1113 994 eo
1127 940 1169 995 ta-

136 1052 233 1109 men,
249 1033 299 1092 oui
314 1037 456 1092 naturam
471 1030 589 1090 obstare
603 1030 723 1109 viderit,
740 1029 898 1091 laborabit.

189 1131 224 1191 Id
238 1149 358 1211 quoque
373 1129 542 1199 vitandum,
560 1130 592 1188 in
607 1148 666 1207 quo
681 1147 791 1206 magna
810 1149 879 1208 pars
895 1135 987 1207 errat,
1003 1133 1168 1194 6616666-

149 1229 230 1288 tione
254 1232 355 1306 poetas
379 1226 465 1286 nobis
491 1232 519 1286 et
544 1223 765 1303 16161661666,16
788 1227 849 1287 illis
872 1228 1014 1306 operibus
1036 1235 1168 1290 oratores

149 1331 202 1386 aut
217 1313 439 1385 ⁴declamatores
460 1323 623 1384 imitandos
644 1331 798 1413 putemus,
816 1325 877 1386 Sua
891 1327 1001 1404 cuique
1017 1330 1167 1407 proposita

148 1423 207 1502 lex,
224 1442 298 1483 suus
313 1422 403 1482 decor
426 1428 492 1482 est:
519 1442 575 1482 nec
600 1422 754 1482 comoedia
777 1424 810 1483 in
834 1424 998 1485 cothurnos
1017 1427 1165 1506 adsurgit,
1188 1430 1228 1489 22

148 1540 204 1581 nec
228 1526 331 1581 contra
355 1520 509 1598 tragoedia
531 1540 617 1581 socco
640 1521 820 1598 ingreditur.
837 1522 936 1583 Habet
950 1529 1053 1584 tamen
1068 1528 1181 1613 omnis

167 1730 408 1792 Alienorum...
451 1743 561 1785 suant.
615 1727 657 1783 Le
710 1745 771 1800 que
809 1732 912 1785 locunt
945 1735 1082 1785 teneant
1109 1731 1228 1787 sortita

149 1804 256 1856 mettre
280 1800 539 1870 apourmission
559 1799 658 1855 dedi·
710 1803 868 1868 decenter‚
899 1804 929 1856 et
957 1801 1009 1856 86:
1041 1804 1223 1871 descriptas

148 1871 229 1943 rigor
242 1873 272 1926 et
293 1871 330 1926 de
354 1871 467 1926 former
491 1870 606 1943 l’esprit
620 1871 657 1927 de
709 1888 841 1928 servare
859 1874 944 1927 vices
964 1888 1162 1943 operumque
1177 1889 1224 1930 co·

148 1959 196 1998 666
221 1942 381 2014 [116616166ς
405 1941 428 1996 11
451 1942 574 2014 6661,11
593 1942 658 1998 doit
711 1947 803 2010 tores,
826 1946 856 1998 et
879 1942 988 1999 166116
1004 1960 1133 2028 passage
1147 1944 1224 2001 dont

148 2018 245 2068 meme
272 2013 316 2068 les
342 2013 494 2068 redresser
515 2018 655 2070 souvent.
708 2015 814 2082 Quint.
826 2015 965 2087 s'inspire
979 2016 1030 2073 161.

147 2084 227 2140 Μ616
249 2085 289 2140 161
320 2084 423 2148 Quint.
449 2084 594 2140 s’adressc
617 2101 658 2140 au
743 2088 784 2141 In
802 2087 999 2151 cothurnos;
1018 2085 1151 2142 d'autres
1174 2104 1227 2144 co-

146 2157 239 2227 jeune
262 2161 384 2211 orateur
407 2156 460 2227 qui
479 2172 535 2228 par
548 2155 580 2211 16
594 2156 658 2212 loc·
709 2158 851 2213 thurnis.
878 2157 922 2212 La
955 2158 1101 2230 premiere
1137 2158 1223 2227 lecon

147 2229 215 2282 ture
252 2230 282 2283 et
320 2226 495 2283 l'imitation
530 2228 594 2283 doit
625 2243 657 2283 se
708 2227 1221 2300 66166166116(1666611666Μὸ.

148 2301 258 2353 former
292 2299 476 2354 lui-meme:
514 2299 578 2354 cela
611 2301 657 2355 661
708 2299 795 2355 66116
809 2301 922 2356 bonne.
939 2302 1123 2370 Adsurqere
1139 2303 1223 2358 s’em-

147 2371 217 2425 bien
256 2370 356 2425 moins
384 2370 457 2436 6166,
491 2373 521 2425 61
556 2369 657 2426 exclut
708 2371 788 2498 pioie
810 2375 931 2426 6661661
947 2388 1020 2428 aveo
1043 2371 1071 2427 16
1092 2372 1173 2428 (16111
1186 2374 1222 2429 de

148 2444 232 2496 toute
247 2441 499 2497 transformation
514 2442 658 2501 radicale.
721 2460 739 2497 6
760 2458 911 2514 personne
937 2459 977 2498 au
1010 2460 1080 2499 6666
1106 2444 1159 2500 (16;
1189 2461 1222 2501 se

183 2511 228 2567 21.
252 2514 327 2568 Sed.
353 2513 439 2568 Cette
485 2513 574 2567 hrase
599 2529 658 2585 ap-
711 2517 797 2570 lever
820 2517 942 2570 deuant
962 2515 1150 2586 quelqu'un.
1171 2517 1221 2572 Gt.

149 2587 245 2654 porte,
260 2599 298 2638 66
312 2586 400 2638 vertu
415 2585 451 2639 de
462 2529 497 2638 ia
512 2585 656 2660 reflexion
709 2586 747 2641 K.
763 2585 827 2652 231,
852 2587 879 2640 4.
905 2585 963 2641 Sur
984 2593 1031 2644 cet
1052 2587 1165 2658 emploi
1189 2590 1225 2642 de

147 2654 335 2726 precedente,
377 2672 437 2711 une
474 2656 656 2722 restriction‚
709 2657 833 2713 l'aocus.
866 2659 1003 2729 avecin,
1023 2677 1051 2715 v.
1082 2659 1124 2713 ib.
1160 2659 1224 2727 428,

148 2726 316 2781 6666666166
339 2728 357 2780 e
384 2725 416 2789 16
440 2726 556 2782 theorie
589 2743 658 2782 sou·
712 2745 739 2784 6.
967 2749 978 2759 ²

147 2800 238 2852 16666
262 2812 301 2851 66
320 2797 397 2853 livre
421 2798 461 2865 ΙΙ,
483 2798 513 2863 8,
538 2813 591 2853 666
613 2798 658 2853 166
745 2802 848 2856 Socco.
864 2800 945 2855 Hon.
961 2803 1000 2855 A.
1027 2802 1064 2855 Ρ.
1079 2800 1134 2857 89;
1158 2817 1225 2858 oer-

146 2868 265 2923 devoirs
286 2868 327 2923 du
370 2870 542 2940 recepteur:
564 2870 665 2926 ille...
708 2873 798 2927 sibus
814 2874 932 2939 666661
950 2873 1085 2940 tragicis
1104 2889 1157 2929 res
1170 2889 1225 2929 ca-

146 2942 256 2995 166166
269 2959 300 2982 =
315 2885 394 2995 ceint
408 2940 482 2995 dont
494 2940 548 3011 j'ai
562 2940 656 3012 parle.
710 2944 797 2998 rnica
819 2958 885 3026 6616
906 2945 998 3025 6611,·
1018 2944 1226 3014 Indignatur

181 3019 225 3074 21,
240 3019 299 3074 Sur
316 3035 519 3090 quamquam
541 3036 615 3077 aveo
630 3020 658 3075 le
709 3016 789 3069 ilem
808 3019 949 3082 prevales
970 3019 998 3068 61
1014 3029 1114 3084 prope
1137 3031 1225 3072 socco

146 3091 322 3162 subjonctif‚
358 3091 400 3148 cf.
430 3093 457 3154 1,
484 3092 521 3147 33
555 3096 585 3147 61
612 3091 656 3148 96.
708 3085 822 3155 1116616
847 3086 1053 3142 carminibus
1083 3090 1224 3144 narrari

145 3163 300 3234 Frequent
330 3163 401 3218 ohez
425 3162 529 3227 Quint.
561 3166 591 3219 61
626 3179 658 3219 66
709 3171 809 3213 coena
825 3158 993 3226 Thyestae·

146 3238 304 3289 rencontre
329 3234 397 3305 deje
423 3235 493 3289 cher
517 3234 656 3301 ciceron,
745 3230 857 3285 016616
873 3231 1072 3299 eloquentia.
1088 3229 1134 3286 On
1156 3230 1223 3285 dis-

146 3304 224 3359 mats
239 3308 409 3360 rerement.¹
424 3307 458 3361 V.
484 3305 522 3361 K.
549 3306 658 3369 11957
709 3300 906 3371 1166661166
931 3303 1031 3372 temps
1057 3301 1093 3356 de
1117 3301 1222 3367 Quint.

148 3379 177 3430 et
190 3375 270 3430 suiv.
709 3371 1224 3455 (1666666666611116666666,1666

181 3435 520 3515 161111666661166,’6.
536 3449 563 3503 e.
580 3447 610 3503 d.
621 3450 657 3502 in
709 3444 770 3498 tres
796 3444 1056 3515 comprehensus,
1079 3445 1132 3515 qui
1158 3455 1225 3500 em·-

34 3565 37 3571 .
141 3520 232 3586 66661
272 3524 304 3573 61
329 3521 475 3575 historia.
503 3519 549 3576 cf.
581 3535 658 3591 6666
707 3515 840 3570 brassait
856 3513 984 3570 1666166
1011 3527 1118 3586 genres
1138 3515 1225 3571 litte·

146 3605 206 3644 une
230 3588 362 3664 syllepse
387 3590 537 3661 analogue
568 3592 595 3654 1,
622 3590 658 3646 28
709 3586 803 3642 raires
817 3589 850 3685 ei·
864 3586 989 3711 plpuvait
1002 3602 1034 3642 se
1049 3589 1225 3712 renclontrer

146 3659 657 3802 restittit>cartutule
707 3662 877 3812 1111116.
898 3660 1223 3812 1111111111

144 3806 201 3871 Ep.
231 3804 266 3870 V,
293 3804 372 3871 8,9;
396 3805 500 3860 Habet
523 3805 657 3875 quictem
710 3806 795 3855 torta
832 3802 1027 3870 eloquentia.
1061 3800 1109 3855 (tf.
1145 3801 1222 3858 Tne.

145 3876 251 3930 oratio
294 3880 324 3931 61
370 3876 510 3931 historia
549 3877 656 3931 multa
706 3871 869 3927 Dioleet
887 3871 1014 3944 passim.
1039 3871 1121 3926 Pour
1140 3872 1222 3928 l'elo-
1310 3911 1312 3916 ·

145 3948 346 4013 communia,
390 3949 447 4002 secl
465 3949 567 4015 plura
603 3948 657 4000 ai-
706 3958 833 4015 quanm,
856 3941 972 4014 qualite
1000 3957 1161 3999 commune
1186 3944 1224 4000 de

147 4032 242 4072 versa
257 4019 293 4072 in
309 4018 453 4086 11616616
473 4033 554 4088 quae
569 4033 656 4073 corn·
707 4018 776 4069 tous
787 4015 832 4070 166
841 4014 1006 4086 66666611).
1022 4014 1057 4070 to
1070 4029 1077 4069 :
1089 4029 1221 4070 omnem

147 4090 265 4143 munia
282 4090 439 4145 violentur
455 4093 511 4145 616.
706 4087 925 4155 eloquentium
948 4099 1121 4155 omnesque
1150 4089 1223 4152 ejus

180 4159 225 4214 22.
259 4162 363 4215 decor.
394 4160 444 4217 Cf.
468 4161 495 4227 1,
517 4160 552 4216 27
572 4162 602 4216 et
624 4160 655 4214 la
701 4162 812 4228 partes
832 4171 943 4212 sacras
963 4160 995 4211 61
1017 4158 1220 4212 venerabiles

145 4234 236 4285 note:
265 4247 299 4285 66
324 4231 434 4287 beaute
464 4247 585 4305 propre.
616 4231 651 4288 V.
700 4234 824 4298 puto...
844 4241 1084 4299 quanicumque
1112 4229 1222 4282 aliam

144 4301 225 4358 Hor.
245 4305 281 4357 Α.
293 4304 330 4357 Ρ.
346 4302 544 4372 92zsinqula
557 4318 653 4374 quae·
705 4301 844 4370 speciem
881 4300 1066 4369 eloquentia
1099 4298 1223 4354 habeat
