2872 4966
638 259 778 325 ,6-

232 415 351 488 praeter
378 426 486 489 pauca,
509 428 587 488 quae
612 416 684 470 sunt
710 430 819 490 parum
847 413 1029 490 verecunda,
1058 413 1091 474 in
1115 416 1253 479 oratione

233 508 317 568 locus
345 514 401 570 est.
431 509 510 568 Nam
539 509 701 588 scriptores
728 509 852 588 quidem
878 511 1050 572 iamborum
1077 516 1252 595 veterisque

233 609 404 669 comoediae
419 608 510 667 etiarn
527 608 558 667 in
574 608 633 667 illis
648 627 736 687 saepe
752 609 925 685 laudantur,
942 612 995 671 sed
1010 613 1097 674 nobis
1107 621 1250 676 nostrum

235 725 310 785 opus
325 705 437 765 intueri
452 710 498 764 sat
513 711 568 764 est.
600 705 710 766 Omnia
724 706 825 780 verba,
842 708 974 786 exceptis
988 709 1026 768 (16
1046 711 1158 789 quibus
1173 714 1248 790 dixi,

234 809 307 864 sunt
321 803 431 864 alicubi
446 805 558 881 optima
573 822 578 862 :
596 823 668 864 nam
683 809 712 863 et
727 805 896 864 humilibus
920 806 1043 868 interim
1067 816 1097 870 et
1110 813 1248 890 vulgari-

232 903 291 962 bus
306 908 351 962 est
363 921 451 981 opus,
464 907 581 979 atquae
601 902 741 961 nitidiore
757 902 789 962 in
797 908 882 981 parte
896 904 1038 965 videntur
1052 909 1186 988 sordida,
1195 912 1247 972 ubi

234 1016 283 1056 res
298 997 405 1076 poscit,
425 996 545 1074 proprie
570 996 724 1055 dicuntur.
742 997 868 1056 Haecut
884 998 1016 1059 sciamus
1035 1006 1125 1080 atque
1139 1022 1247 1065 eorum

174 1095 215 1156 10
236 1115 296 1154 666
316 1095 566 1172 significationem
587 1095 686 1172 modo,
708 1095 760 1154 sed
782 1096 894 1155 formas
914 1097 1005 1157 etiam
1024 1118 1247 1182 mensurasque

177 1290 203 1343 it
218 1294 265 1344 est
277 1290 349 1343 arai
361 1291 558 1344 neanmoins
570 1290 686 1358 qu’ette
735 1291 815 1343 dum
833 1291 938 1344 locum
947 1297 1158 1358 praesentem
1180 1311 1247 1350 non

178 1362 297 1426 eniste,
322 1376 383 1430 que
410 1366 480 1415 tout
502 1376 535 1416 66
559 1362 617 1430 qui
648 1376 687 1414 ne
737 1365 838 1415 totam
849 1375 985 1416 causam
1002 1378 1202 1433 ruruuurun,
1215 1370 1246 1422 ot

130 1456 134 1463 ·
180 1435 248 1487 t'est
257 1447 319 1500 pas
333 1437 381 1486 est
393 1432 506 1501 faibtc,
523 1437 554 1487 et
569 1448 609 1487 ne
629 1447 687 1486 sa·
734 1431 802 1488 Cic.
824 1433 956 1498 06612,
977 1434 1013 1488 9:
1037 1450 1139 1504 qnam
1163 1437 1248 1509 (spc-

179 1504 451 1573 tisfaitpotntun
465 1505 590 1559 homme
611 1505 688 1558 aas·
735 1503 812 1558 ciem
831 1503 1071 1575 pulchritidinis)
1095 1522 1246 1576 neruum,

172 1577 313 1644 pritqui
328 1579 405 1629 aaut
417 1591 450 1629 se
464 1575 553 1644 faire
569 1579 687 1630 enten-
736 1576 772 1629 in
788 1591 924 1644 eamque
940 1578 1081 1648 defixus.
1093 1623 1116 1634 ..

178 1649 268 1702 dre.»
287 1645 334 1700 La
347 1646 512 1713 Bnuunnn,
527 1648 686 1701 etesOuar.
769 1648 961 1702 Humitibus
976 1649 1114 1704 interim
1130 1656 1163 1705 et
1178 1654 1247 1706 aut-

177 1721 216 1772 (16
241 1721 344 1786 t'espr.
360 1719 405 1784 17,
422 1718 493 1773 edit.
510 1718 682 1787 Chassang.
734 1720 882 1786 paribus.
909 1718 1057 1776 611166.
1080 1724 1141 1775 Art
1160 1726 1246 1790 poet.

211 1790 382 1844 tl.Parum
404 1791 602 1844 verecunda.
629 1788 687 1843 Les
734 1788 816 1844 aab:
850 1790 995 1860 Mtprlalt
1025 1792 1062 1846 in
1093 1795 1247 1850 obscuras

177 1860 573 1931 termespeuconvenahles,
585 1860 672 1915 litote
678 1876 686 1928 3

78 1977 80 1980 ,
178 1948 254 1986 ceux
276 1947 335 2002 que
360 1932 463 1998 Quint.
491 1932 516 1992 Ι,
542 1931 569 1997 2,
585 1933 612 1998 7,
631 1947 686 2003 ap-

178 2003 275 2076 pelle:
297 2006 403 2070 aerba,
425 2019 464 2058 ne
486 2004 688 2058 Alexandri-

179 2077 233 2130 nis
247 2077 380 2144 quictem
394 2077 617 2142 permittenda
628 2077 688 2129 aa·

182 2148 278 2202 liciis.
303 2146 351 2201 uf.
367 2146 450 2214 VIII,
464 2146 491 2214 3,
507 2146 560 2202 38:
579 2161 687 2213 eccep-

734 1875 851 1916 uuunnr
886 1877 1034 1918 sermone
1074 1866 1243 1923 tabernas.

734 1929 793 1985 Les
822 1933 977 2059 exemples
1005 1934 1041 1988 (16
1075 1938 1152 1991 66116
1182 1936 1248 1992 elo-

735 2018 851 2074 quenoe
876 2005 894 2058 1
929 2005 1028 2060 61616
1052 2006 1203 2063 familiere
1218 2011 1248 2064 et

734 2075 880 2130 litteraire
900 2079 970 2130 sont
993 2076 1064 2149 plus
1088 2078 1247 2150 trequents

735 2145 806 2200 chen
829 2146 873 2201 les
898 2147 990 2203 Grecs
1017 2164 1076 2220 que
1103 2149 1175 2205 chez
1203 2150 1247 2207 les

734 2217 852 2273 Latius.
869 2219 904 2274 V.
920 2222 1113 2276 notamment
1128 2221 1174 2277 166
1189 2222 1248 2278 dis-

734 2304 823 2344 cours
852 2289 888 2345 de
914 2290 1024 2362 Lysias
1055 2295 1086 2347 ct
1114 2294 1248 2349 certains

735 2360 909 2431 plaidoyers
951 2362 987 2418 (16
1024 2363 1248 2422 Demosthenes

735 2436 845 2487 contre
867 2435 984 2501 Conon,
1011 2437 1067 2489 etc.
1080 2451 1088 2504 3
1112 2435 1191 2492 dans
1215 2453 1248 2493 ce

180 2223 221 2285 16,
239 2220 269 2273 61
285 2220 419 2273 obscena
436 2219 688 2273 nudisnomini-

179 2292 236 2346 bus
252 2292 482 2345 enuntientur.

212 2381 392 2447 Scriptores
407 2380 603 2433 iamborum.
627 2377 688 2432 Les

175 2451 334 2521 iambogra
357 2451 411 2505 hes
434 2465 550 2504 comme
577 2449 688 2503 Archi-

175 2522 266 2594 loque
281 2526 310 2577 et
363 2522 499 2594 ipponax
521 2521 585 2591 qui,
610 2520 687 2574 dans

177 2594 260 2648 leurs
272 2609 351 2659 vers,
367 2592 530 2647 hravaient
547 2591 688 2646 l'honne-

179 2665 252 2721 tete.
291 2663 428 2719 Souvent
459 2663 589 2718 associes
627 2679 688 2717 aux

178 2737 282 2862 ppeltps
294 2735 372 2861 depe
381 2735 687 2862 poppegieppucilpnna

179 2824 217 2862 c.
263 2822 312 2862 on.
356 2824 401 2862 a.
533 2808 568 2861 ί;
615 2820 688 2860 uo-

180 2848 476 2945 noannoeane
488 2847 620 2933 eontra
631 2821 688 2932 616

178 2966 248 3006 cere
265 2955 374 3006 tantos
387 2949 400 3005 1
414 2950 460 3006 06
471 2951 545 3022 peut
554 2950 621 3003 voir
632 2964 689 3021 par

178 3022 223 3077 166
238 3022 348 3093 epodes
372 3022 520 3076 d'Horaoe
542 3020 596 3090 qui
619 3023 688 3074 sont

178 3110 238 3148 une
251 3094 405 3148 imitation
421 3091 679 3148 desiamhesd'Ar

735 2509 865 2578 dernier,
876 2511 904 2565 Ie
915 2512 989 2567 recit
1002 2528 1008 2568 :
1021 2506 1174 2585 ἐξήλθομεν
1185 2509 1250 2578 ἔτος

735 2586 815 2639 τουτὶ
839 2585 945 2659 τρίτον.
967 2591 980 2662 ξ
994 2591 1012 2647 3
1027 2595 1057 2647 61
1071 2593 1154 2649 suiV.

770 2664 987 2718 Nitidiore...
1017 2666 1167 2720 sordida.
1203 2665 1248 2721 Dc

735 2737 833 2788 meme
848 2733 931 2801 VIII,
953 2734 981 2800 3,
1004 2735 1049 2801 19,
1074 2737 1248 2792 sordidum

736 2804 792 2859 fait
805 2805 958 2860 antithese
973 2807 991 2859 a
1005 2809 1116 2861 nitida
1130 2811 1247 2864 oratic.

734 2878 848 2931 Nitere
864 2880 911 2932 661
925 2877 1126 2962 l’expression
1137 2895 1250 2953 propre

735 2962 813 3019 pour
827 2948 871 3002 les
885 2948 1013 3004 beautes
1028 2949 1190 3006 brillantes
1206 2952 1249 3006 du

736 3019 815 3090 style
825 3035 834 3088 ;
851 3019 912 3075 vid.
929 3020 1022 3086 infra,
1037 3020 1089 3076 33:
1118 3023 1249 3078 histori-

735 3105 803 3146 co...
822 3093 927 3146 nitore
936 3092 1010 3157 ‚·44:
1026 3094 1179 3150 nitidi...
1199 3110 1249 3164 pe·

180 3164 331 3236 chiloque,
348 3166 487 3221 66616166
502 3163 547 3220 166
569 3179 688 3236 expres·
736 3164 840 3218 neris.
852 3207 875 3219 ..
896 3168 1062 3218 amatores
1083 3165 1177 3232 6197,
1200 3168 1249 3221 ni-

180 3237 263 3292 61666
279 3236 316 3292 (16
329 3253 361 3292 66
383 3237 472 3309 poete
493 3235 606 3290 etaient
621 3252 688 3308 par·
737 3239 799 3290 tor.
811 3279 834 3290 ..
859 3239 891 3289 et
905 3249 1038 3290 summa
1052 3237 1089 3290 tn
1103 3239 1249 3293 cucolan-

179 3309 238 3362 fois
249 3323 372 3376 parum
389 3310 585 3363 uerecunda.
736 3307 787 3361 etis
799 3307 948 3374 operibus
960 3321 1080 3361 manus
1090 3324 1101 3372 ;
1112 3309 1151 3363 61.
1164 3308 1248 3366 Hon.

213 3381 354 3434 Inittis:
374 3381 460 3435 Poun
484 3381 623 3447 t’emptoi
650 3382 687 3434 616
735 3381 806 3433 Art.
822 3379 910 3446 poet.
929 3376 1000 3432 351:
1016 3379 1071 3432 ubi
1081 3381 1186 3446 ptura
1204 3397 1250 3436 m·

177 3466 227 3506 ces
244 3456 373 3506 termes.
399 3450 444 3506 Ι)6
468 3455 566 3505 meme
582 3452 617 3505 V.
641 3451 687 3518 12,
736 3465 818 3504 runr
834 3451 870 3503 in
886 3451 1065 3505 carmine..
1084 3450 1165 3505 Pour
1183 3467 1250 3508 sor-

176 3522 689 3578 22:Jaoenes...taudartinbo-
736 3520 891 3587 (11616,61.
922 3521 1034 3576 ’16616
1065 3523 1154 3578 Diat.
1193 3525 1248 3579 des

179 3596 231 3650 nis
241 3596 368 3648 malent
378 3609 450 3650 avec
460 3593 504 3648 les
513 3594 622 3648 vernes
635 3593 688 3664 qui
736 3593 827 3646 Orat.
843 3591 892 3646 32:
909 3590 1141 3663 (eloquentia)..
1162 3609 1249 3664 qua-

179 3664 335 3791 {ignffifnt
358 3664 491 3791 loupinge
515 3663 688 3790 outhlerlrpo
735 3665 765 3788 pi
788 3677 858 3745 una
880 3678 921 3788 {a
942 3677 1249 3793 ponnuppssuppxsqag-

177 3752 307 3872 611ἶέ.θ
327 3752 396 3792 ⁸⁶¹¹⁸
439 3752 560 3806 emp
579 3751 624 3802 ⁰⁹³
681 3777 688 3792 ·
736 3735 1171 3878 desudabamus
1192 3778 1249 3864 11

213 3883 371 3936 Nostrum
386 3895 476 3948 opus.
504 3880 599 3935 Notre
627 3894 689 3932 666-
737 3878 785 3930 111
813 3877 963 3932 invenies
991 3879 1164 3934 sordidum
1181 3898 1195 3943 ,·
1220 3884 1250 3936 et

177 3966 232 4006 vre
269 3966 392 4024 propre,
433 3950 616 4006 I'education
652 3949 688 4004 de
736 3949 839 4014 Quint.
858 3948 940 4014 VIII,
952 3949 1087 4015 atzar
1111 3952 1249 4007 obscena

176 4021 341 4077 l’orateur.
361 4025 492 4077 Intueri
526 4022 621 4089 (nuit.
653 4020 689 4075 de
736 4021 916 4074 vitabimus
927 4025 958 4075 et
975 4035 1110 4076 sonorus
1129 4037 1169 4077 nr
1192 4039 1249 4079 rru-

177 4093 322 4164 Cologne,
336 4094 429 4148 Halm
442 4093 532 4162 etc.);
551 4093 688 4147 interim
736 4107 838 4146 urum.

180 4167 267 4220 tueri
283 4165 345 4238 tSp.
362 4170 392 4221 et
402 4165 446 4221 les
459 4165 541 4234 Ma).
556 4165 689 4217 Intueri
771 4162 816 4217 10.
831 4164 1128 4235 Stpntficationem.
1141 4208 1164 4222 ..
1185 4166 1249 4235 for·

177 4256 209 4278 =
223 4236 308 4290 avoir
335 4252 371 4291 66
397 4252 468 4301 vue,
494 4238 540 4290 661
565 4233 689 4289 161166-
738 4249 808 4288 mas
824 4249 1080 4304 mensurasque:
1095 4238 1136 4291 Le
1159 4252 1243 4304 sens,

178 4308 316 4379 pression
328 4308 421 4380 juste.
443 4307 491 4362 af.
515 4306 551 4360 V.
574 4306 620 4371 13,
636 4305 670 4361 31
684 4320 691 4361 ε
738 4307 770 4360 ta
785 4306 891 4375 forme
901 4309 1156 4381 prammaticate
1170 4314 1200 4364 et
1213 4312 1245 4364 ta
