2872 4966
686 294 719 305 .-
739 257 798 322 142
818 294 857 306 -

287 421 343 492 θεῖ,
367 435 444 494 quae
468 435 522 476 nos
542 417 634 475 etiam
649 416 813 492 cogitantes
829 421 991 494 sequatur:
1015 421 1081 474 tum
1095 413 1308 475 adsumendus

289 532 364 574 usus
393 514 550 594 paulatim,
582 519 615 574 ut
639 533 735 592 pauca
758 513 893 592 primum
924 513 1161 592 complectamur
1188 512 1306 586 animo,

288 632 365 691 quae
389 613 474 672 reddi
499 614 628 673 fideliter
642 613 775 692 possint3
803 631 872 671 mox
894 631 947 690 per
960 607 1149 672 'incrementa
1164 617 1226 671 tam
1241 629 1309 668 mo-

289 711 367 788 dica,
393 717 427 771 ut
450 713 568 771 onerari
592 731 623 770 se
652 710 736 770 lahor
761 711 811 770 ille
835 730 897 770 non
922 711 1043 787 sentiat,
1063 710 1200 787 augenda
1215 710 1260 768 vis
1276 714 1309 768 et

288 809 500 868 exercitatione
515 809 611 869 multa
632 808 813 868 continenda
837 814 893 884 est,
919 827 997 887 quae
1022 807 1149 885 quidem
1170 807 1307 866 maxima

288 928 325 969 ex
349 914 433 988 parte
457 909 603 968 memoria
618 912 753 967 constat:
780 908 906 986 ideoque
929 908 1029 985 aliqua
1054 907 1131 966 mihi
1155 907 1187 965 in
1215 905 1305 964 illum

227 1007 247 1066 la
288 1008 388 1067 locum
404 1007 569 1066 differenda
584 1012 667 1071 sunt.
696 1007 738 1064 Eo
753 1006 875 1065 tandem
891 1006 1037 1084 pervenit,
1063 1010 1097 1064 ut
1122 1005 1159 1081 is,
1176 1004 1225 1063 oui
1241 1021 1305 1062 non

287 1105 456 1181 refragetur
470 1104 639 1180 ingenium,
664 1103 725 1162 acri
750 1103 848 1162 studio
862 1103 985 1180 adjutus
1002 1106 1122 1162 tantum
1137 1118 1305 1177 consequa-

289 1209 349 1279 tur,
375 1208 409 1262 ut
432 1203 459 1261 ei
482 1207 545 1262 tam
569 1221 647 1280 quae
668 1201 804 1278 cogitarit
827 1220 920 1279 quam
942 1220 1019 1279 quae
1042 1200 1197 1278 scripserit
1211 1203 1305 1276 atque

287 1300 443 1361 edidicerit
457 1300 489 1359 in
504 1300 630 1359 dicendo
646 1298 736 1358 fidem
753 1304 883 1359 servent.
910 1300 1014 1359 Cicero
1024 1305 1105 1358 certe
1116 1298 1304 1357 Graecorum
1360 1297 1365 1306 '

288 1399 494 1459 Metrodorum
509 1397 667 1476 Scepsium
682 1404 712 1456 et
726 1398 889 1476 Empylum
899 1397 1054 1457 Rhodium
1066 1400 1304 1471 nostrorumque

288 1498 486 1558 Hortensium
501 1496 624 1557 tradidit
638 1514 715 1574 quae
729 1497 931 1573 cogitaverant
944 1496 981 1555 ad
997 1495 1124 1555 verbum
1140 1494 1170 1552 in
1186 1493 1305 1570 agendo

288 1597 451 1656 rettulisse.

227 1696 247 1754 5
328 1695 386 1754 Sed
402 1695 427 1754 si
448 1695 524 1754 forte
547 1695 639 1774 aliqui
654 1695 912 1754 interdicendum
927 1693 1073 1754 offulserit
1088 1691 1304 1770 extemporalis

228 1882 283 1922 ron
299 1866 399 1922 donne
419 1867 484 1924 doe
501 1871 565 1923 mot
577 1867 608 1922 la
624 1869 743 1940 signifi·
788 1885 865 1924 ram
888 1875 1035 1938 aterque,
1054 1873 1224 1937 tamquam
1246 1866 1306 1920 lit-

228 1939 329 1994 cation
344 1938 380 1994 de
395 1940 515 2006 specics
530 1955 585 2011 per
602 1942 742 2012 opposta
792 1945 869 1996 teris
898 1943 932 1996 ia
958 1956 1044 2006 cera,
1064 1941 1111 1995 sic
1139 1954 1171 1993 se
1194 1938 1306 1992 aiebat

227 2026 341 2077 peaes,
368 2010 437 2065 d’od
460 2010 489 2065 le
521 2027 591 2066 sens
623 2013 742 2067 d'ideat
789 2014 993 2081 imaginibus
1009 2014 1043 2065 ia
1062 2012 1103 2064 iis
1121 2011 1207 2076 locis,
1224 2023 1305 2077 quos

228 2080 327 2154 (Joois
341 2080 484 2150 sormam
500 2087 559 2136 aut
574 2084 742 2138 Minervae

305 2155 422 2219 species
464 2154 740 2223 pulchritudinis.

228 2224 360 2307 Gietlr.
375 2225 402 2293 2,
417 2226 454 2292 9),
471 2224 524 2296 qui
542 2240 580 2279 ne
599 2226 743 2281 convient

249 2312 283 2349 as
298 2312 347 2350 101.

228 2313 247 2368 p
265 2365 413 2421 Ouarari.
425 2364 470 2420 De
483 2369 581 2422 meme
592 2367 645 2431 XI,
657 2368 684 2435 2,
696 2369 741 2432 41,

229 2439 247 2492 d
261 2453 373 2509 propos
390 2437 443 2491 des
467 2439 615 2494 exercices
630 2440 666 2494 de
683 2443 743 2495 me-

228 2511 342 2564 moirc:
368 2509 486 2564 cotidie
520 2513 664 2577 adjicere
682 2511 743 2582 (de-

228 2583 286 2648 cet)
302 2581 448 2648 stapulas
463 2595 585 2648 versas,
603 2597 742 2650 qaorum

228 2654 368 2706 accessio
384 2652 486 2705 labori
497 2667 627 2707 sarisam
639 2655 743 2710 iocre-

229 2725 332 2777 mcnti
349 2736 414 2777 aaa
431 2722 575 2792 adserat.

263 2795 303 2848 Ia
321 2795 418 2847 ittam
443 2796 567 2849 locam:
593 2797 632 2850 ou
653 2796 675 2850 il
697 2799 743 2851 est

228 2865 318 2920 truite
332 2865 368 2919 de
383 2863 413 2918 la
428 2865 592 2936 memoire3
609 2867 662 2935 XI,
679 2867 705 2922 2.

262 2938 290 2991 4.
316 2937 471 2991 Pervenit
492 2940 538 2992 est
561 2954 604 2992 un
627 2938 744 3010 impar-

229 3006 336 3062 sonnel
362 3022 478 3062 comme
502 3010 528 3073 7,
555 3010 606 3064 te:
630 3025 743 3077 perve-

229 3081 302 3133 aire
327 3094 361 3133 co
377 3081 476 3134 debet.
498 3078 544 3134 On
559 3084 631 3152 peut
648 3084 743 3136 toute-

229 3150 288 3204 fois
304 3149 445 3221 suppleer
459 3152 508 3204 ris
532 3153 585 3223 qui
608 3155 653 3206 est
669 3153 742 3207 trois

228 3220 326 3292 lignes
342 3221 412 3293 plus
436 3221 522 3287 haut,
548 3239 588 3278 ou
616 3224 743 3296 simple-

229 3295 313 3347 ment
327 3308 389 3347 res.
404 3292 446 3346 af.
478 3295 526 3356 VI,
550 3294 578 3356 3,
592 3295 626 3349 51
641 3311 646 3349 ;
669 3299 743 3350 Pcr-

228 3366 315 3418 venit
330 3379 382 3419 res
398 3380 499 3434 aspre
515 3369 555 3420 od
575 3368 740 3435 aeaipma.

228 3466 262 3473 -
283 3437 318 3488 Ut
334 3436 405 3491 is...
439 3441 474 3489 at
489 3437 536 3491 ei:
556 3437 741 3508 negligonce.

263 3509 444 3562 dietrodore
470 3507 506 3562 ‹le
540 3511 674 3574 Scepsis,
705 3525 742 3564 en

153 3594 158 3600 ·
228 3577 364 3647 Troude3
379 3578 505 3650 disciple
522 3579 558 3634 de
575 3579 740 3635 Carneade.

227 3648 352 3706 ciceron
367 3653 459 3704 vente
470 3666 504 3704 sa
513 3651 658 3706 memoire
669 3668 742 3706 atreo

227 3719 283 3774 elle
308 3720 344 3775 de
362 3720 543 3784 Theodecte‚
563 3719 599 3776 dc
619 3722 740 3788 Cineas,

227 3791 739 3859 deCharmadasetd'Hortensius,

227 3862 304 3917 dans
320 3862 363 3917 les
386 3864 585 3932 Tusculanas,
602 3865 625 3928 I,
650 3866 695 3927 24,
707 3867 742 3920 ott

227 3937 256 3987 et
271 3934 348 3987 dans
362 3934 389 3988 le
403 3938 441 3989 de
458 3937 548 3990 Orat.
564 3936 603 3999 Il,
615 3936 660 4001 88,
671 3937 738 3991 dssd:

234 4006 305 4058 Vidi
317 4008 406 4059 caim
419 4022 473 4074 epo
488 4023 631 4062 smarnos
643 4009 740 4061 horai-

226 4092 283 4130 aes
295 4082 324 4130 et
341 4079 457 4132 divitia
462 4094 561 4146 prope
574 4082 739 4145 anemoria,

225 4149 738 4216 Arueeiscaarmaaampcmta,

226 4234 322 4289 qaam
356 4221 463 4275 vivere
500 4222 592 4275 laodic
628 4224 738 4288 aiaat,

226 4291 392 4361 Scepsium
411 4294 645 4362 Metrodorum,
661 4309 740 4364 pao-

790 2086 931 2150 liaberet,
948 2099 1029 2151 qaae
1046 2081 1305 2137 meminissevet-

791 2158 844 2222 let,
858 2156 1069 2223 perscribere.
1298 2188 1301 2195 ι

824 2229 992 2294 Erapplas,
1018 2226 1095 2280 n’est
1126 2239 1182 2297 pas
1205 2224 1305 2276 autre-

788 2301 873 2352 ment
888 2313 998 2352 sonna.
1015 2297 1056 2351 Le
1076 2301 1158 2350 texte
1177 2294 1230 2349 des
1244 2293 1303 2348 Ms.

788 2371 866 2424 n'est
878 2385 934 2441 pas
950 2372 1002 2423 sur
1016 2384 1023 2436 ;
1044 2367 1121 2421 mais
1135 2367 1180 2422 les
1200 2365 1305 2420 efforts

789 2441 841 2496 des
855 2443 1112 2495 commentateurs
1132 2452 1210 2510 pour
1220 2436 1305 2490 reta-

788 2512 902 2566 blirun
918 2527 991 2567 nom
1015 2525 1116 2566 connu
1139 2510 1225 2566 n'ont
1248 2522 1305 2580 pas

789 2584 905 2638 abouti.

825 2655 1028 2710 Hortensius.
1059 2652 1106 2708 ef.
1140 2652 1234 2704 Brat.
1257 2648 1304 2716 88,

787 2725 859 2782 301:
888 2727 1048 2781 Memoria
1078 2725 1164 2792 (erat)
1196 2726 1304 2786 tanta,

789 2802 945 2866 quautam
959 2799 996 2852 ia
1012 2798 1104 2850 catto
1120 2795 1305 2863 cepaovisse

789 2871 943 2936 arbitror,
986 2873 1034 2935 at,
1070 2880 1153 2937 qaae
1194 2879 1305 2920 secum

789 2945 1025 2995 commentatas
1053 2942 1146 3003 esset,
1172 2951 1208 2991 ea
1231 2936 1304 2990 siae

789 3013 908 3067 scriuto
947 3013 1052 3066 verbis
1077 3011 1199 3065 eisdem
1227 3009 1306 3061 red-

790 3085 890 3149 deret,
931 3084 1048 3152 quibes
1087 3076 1302 3149 cogitavisset.

788 3156 854 3209 Hoc
867 3156 1060 3221 adp'ameato
1077 3154 1134 3207 itte
1152 3154 1243 3205 tacto
1257 3151 1304 3205 sic

789 3227 954 3292 atebatar,
969 3231 1007 3279 ut
1021 3240 1083 3280 saa
1099 3228 1129 3279 et
1145 3236 1304 3278 commea-

791 3301 861 3351 tata
880 3302 911 3352 ct
926 3298 1047 3364 scripta
1060 3301 1090 3351 et
1106 3296 1199 3348 aatto
1216 3293 1305 3362 refe-

789 3373 881 3422 rente
901 3373 1017 3423 omma
1033 3366 1304 3423 adversariorum

790 3442 878 3494 dicta
889 3442 1102 3494 meminisset.
1115 3437 1188 3493 Suu.
1201 3437 1304 3492 Rnur.

790 3514 896 3565 Coatr.
923 3511 951 3574 l,
976 3528 1006 3583 p.
1031 3512 1067 3566 ut
1090 3512 1213 3565 raconte
1246 3523 1305 3580 que

789 3583 984 3648 Hortensius,
1011 3582 1069 3636 mis
1099 3597 1139 3636 au
1170 3580 1228 3635 diti
1250 3594 1307 3652 par
1345 3609 1347 3613 ·

789 3653 931 3719 Sisenna,
961 3655 1048 3725 apres
1078 3668 1139 3707 unc
1167 3654 1258 3708 vente
1286 3651 1305 3704 d

788 3724 916 3788 l'encan,
954 3725 1100 3779 enumera
1133 3723 1179 3778 les
1206 3722 1307 3793 objets

788 3796 908 3850 sendus
941 3797 1055 3851 durant
1090 3810 1149 3850 une
1180 3794 1307 3865 journde

789 3868 913 3930 entiere,
944 3884 1017 3922 avec
1049 3867 1093 3922 les
1125 3867 1194 3937 prix
1218 3864 1308 3920 otles

789 3954 877 3992 nome
894 3940 946 3993 des
961 3941 1131 4002 acheteurs,
1148 3951 1308 3992 sanscom-

789 4014 896 4064 mettre
920 4027 980 4065 une
1006 4010 1088 4065 seule
1117 4023 1232 4064 erreur.
1258 4008 1306 4062 Cf.

788 4081 894 4144 (Quint.
928 4083 979 4144 XI,
1005 4083 1032 4145 2,
1058 4083 1093 4137 2l
1118 4081 1170 4152 qui
1195 4079 1307 4134 reddite

788 4152 970 4208 l'auecdote.

823 4225 852 4278 ἶ).
872 4225 1114 4292 Extemporalis
1129 4226 1227 4279 color.
1248 4217 1307 4274 Sur

787 4294 815 4350 le
829 4311 898 4350 sens
912 4296 948 4351 de
962 4312 993 4351 ce
1013 4295 1132 4351 dernier
1146 4297 1211 4350 mot
1226 4293 1265 4350 oi.
1276 4291 1305 4359 l,
