2872 4966
684 329 724 344 -
746 299 806 363 112
827 296 887 344 -·

289 466 344 507 666
368 447 558 525 indulgentia
580 448 631 509 illa
658 468 719 509 non
734 449 838 509 sallat:
863 449 965 510 omnia
988 449 1071 509 enim
1094 455 1209 525 nostra,
1232 451 1308 511 dum

289 552 469 619 nascuntur,
487 546 629 625 placent:
646 546 759 626 alioqui
769 566 825 608 nec
838 547 1055 608 scriberentur.
1072 548 1131 608 Sed
1146 548 1308 609 redeamus

285 644 329 706 ad
357 644 510 723 judicium
547 651 577 707 et
605 651 804 706 retractemus
833 653 1005 727 suspectam
1041 647 1227 707 facilitatem.
1257 647 1307 708 Sic

229 744 249 804 8
290 744 447 824 scripsisse
480 745 659 806 Sallustium
680 745 865 824 accepimus,
890 751 919 805 et
953 765 1026 806 sane
1049 746 1230 806 manifestus
1260 749 1308 806 est

290 850 382 910 etiam
398 869 434 910 ex
449 869 539 929 opere
565 851 630 929 ipso
651 849 745 910 labor.
770 849 939 927 Vergilium
963 869 1083 928 quoque
1107 850 1308 929 paucissimos

291 948 339 1007 die
354 950 559 1029 composuisse
582 967 689 1009 versus
704 955 810 1009 auctor
824 954 870 1008 est
892 948 1013 1008 Varius
1031 948 1166 1009 Oratoris
1182 949 1308 1027 quidem

288 1046 345 1107 alia
360 1048 495 1107 condicio
509 1053 574 1108 est:
599 1048 700 1125 itaque
719 1048 798 1107 hanc
814 1065 932 1107 moram
948 1052 978 1106 et
994 1046 1229 1107 sollicitudinem
1248 1047 1307 1108 ini-

232 1319 307 1370 nou,
338 1320 377 1360 au
408 1304 468 1360 lieu
498 1305 535 1360 de
557 1320 607 1373 ne,
631 1321 747 1360 comme
793 1321 837 1360 un
866 1304 977 1359 travail
1011 1303 1077 1360 lent
1104 1306 1134 1359 et
1162 1304 1304 1378 penible:

229 1375 396 1447 pluebant,
407 1376 440 1431 3:
455 1381 518 1431 61...
532 1391 607 1432 non.
618 1407 652 1416 —
663 1379 747 1431 Dum
797 1378 896 1432 timae
914 1378 1001 1431 tabor
1016 1381 1047 1431 et
1062 1391 1164 1430 mora.

229 1462 309 1518 pour
342 1449 517 1503 dummodo
549 1463 607 1518 que
639 1447 743 1512 Quint.
835 1449 1026 1517 Verpilium.
1057 1447 1097 1502 Ce
1126 1447 1220 1503 de'tail
1260 1451 1307 1504 est

227 1517 672 1590 n'emploiejamais.D'autres
686 1520 744 1575 fois
792 1520 937 1574 confirme
970 1519 1059 1574 d'une
1091 1518 1181 1586 iason
1221 1535 1305 1575 assez

230 1591 322 1644 modo
337 1606 377 1644 ou
393 1592 422 1645 si
440 1592 542 1645 ruodo.
792 1589 940 1661 originale
965 1606 1021 1663 par
1040 1589 1239 1653 Aulu-Gelle‚
1257 1593 1301 1648 N.

262 1662 490 1730 Indutpeutia,
502 1677 541 1715 au
550 1677 620 1715 6666
629 1661 743 1733 subjec-
790 1663 825 1715 Α.
836 1663 881 1727 17,
898 1662 933 1718 10
947 1677 956 1715 .·
971 1664 1081 1716 Dicere
1104 1662 1238 1716 solitum
1254 1662 1306 1731 fe-

227 1732 268 1786 tif
280 1732 488 1789 d’abondance
503 1731 612 1800 facile3
625 1749 743 1789 nuanoe
790 1738 882 1799 runt,
894 1747 1015 1801 parere
1031 1747 1064 1788 se
1077 1748 1191 1788 versus
1217 1748 1306 1788 mare

227 1803 384 1858 differente
399 1804 470 1858 chez
483 1801 615 1874 Virgile:
633 1805 742 1858 Sinon
790 1808 886 1872 atquc
911 1806 982 1858 ritu
1007 1805 1134 1859 ursino.
1150 1806 1303 1874 Namque

227 1875 390 1946 conceperit
418 1876 502 1930 caeli
529 1876 742 1944 indulgentia
790 1880 828 1928 ut
849 1875 912 1929 itta
934 1877 1038 1930 bestia
1060 1875 1167 1943 fetum
1190 1877 1301 1930 ederet

226 1949 344 2002 terras.
790 1946 1017 2018 ineffipiatum
1046 1947 1301 2015 informemque,

219 2083 222 2087 Δ
263 2020 404 2083 Nostra,·
441 2033 480 2072 au
512 2034 582 2073 sens
609 2017 742 2072 abstrait
790 2018 1305 2088 lambendoqueidpostea,quod

219 2103 343 2144 comme
358 2089 430 2145 chen
443 2089 571 2151 Horace,
587 2091 622 2142 A.
639 2091 675 2143 P.
685 2089 739 2144 63:
788 2090 838 2143 ita
851 2090 1018 2155 edidisset,
1033 2089 1257 2157 conformaret
1273 2094 1305 2144 61

226 2162 385 2215 Debentur
408 2163 585 2215 martinos
614 2165 740 2215 nostra·
787 2161 946 2231 stuperem
984 2162 1124 2228 proinde
1171 2161 1304 2229 inpenii

226 2247 298 2301 que.
319 2235 451 2286 —Dum
471 2235 668 2295 nascuntur,
690 2231 738 2287 Cf.
785 2247 911 2300 quoque
932 2233 986 2287 sui
1007 2235 1128 2299 partus
1157 2236 1304 2292 recentes

225 2304 252 2365 1,
269 2305 313 2358 17.
786 2304 865 2357 rudi
877 2318 944 2358 esse
955 2303 1040 2371 facie
1051 2308 1081 2357 et
1094 2303 1302 2372 imperfecta,

263 2377 328 2430 Nec
387 2390 554 2431 aurae...
594 2375 736 2443 quidem.
785 2377 841 2428 sed
867 2376 1018 2442 deinceps
1047 2376 1222 2430 tractando
1247 2390 1301 2431 co-

228 2445 317 2501 Ainsi
333 2391 386 2509 nl),
400 2447 427 2513 2,
440 2448 493 2503 67:
511 2447 596 2514 quod
617 2447 653 2498 in
666 2445 737 2513 foro
786 2447 944 2514 tendoque
960 2448 1096 2501 reddere
1120 2446 1164 2500 iis
1178 2461 1211 2501 se
1228 2447 1301 2502 oris

228 2532 292 2571 non
309 2518 537 2586 expedientia
555 2531 613 2572 nec
630 2516 735 2584 liceat,
785 2521 816 2570 61
861 2519 973 2572 auitas
1007 2510 1222 2572 lineamenta.
1257 2516 1303 2572 De

226 2590 256 2642 et
268 2588 493 2660 frequemment
511 2586 645 2643 ailleurs.
783 2592 882 2644 meme
906 2587 935 2644 le
960 2588 1204 2651 Pseudo-Donat,
1224 2586 1303 2643 dans

258 2661 469 2716 Facilitatem
478 2677 489 2726 ;
511 2658 539 2714 le
553 2662 647 2714 terme
662 2659 736 2714 abs·
782 2657 813 2713 la
841 2659 891 2715 vie
918 2659 953 2715 de
980 2659 1104 2730 Virgile,
1129 2659 1188 2714 IX:
1223 2661 1302 2714 Cum

224 2731 296 2785 trait
338 2747 433 2803 pour:
471 2746 555 2802 quae
591 2730 735 2798 faciliter·
783 2732 939 2800 Georgica
963 2732 1127 2797 scriberet,
1152 2731 1302 2785 traditur

221 2803 341 2871 scripta
363 2809 463 2869 sunt;
487 2803 523 2859 de
546 2805 644 2857 meme
663 2800 734 2884 plus
782 2804 899 2856 cotidie
914 2802 1088 2857 meditatos
1109 2816 1207 2857 mane
1227 2804 1302 2870 ptu-

221 2872 287 2936 bas,
307 2875 341 2931 9:
364 2875 449 2931 hanc
472 2888 599 2929 moram
622 2874 734 2929 initiis
782 2874 884 2929 rimas
895 2889 1007 2928 versus
1024 2874 1150 2928 dictare
1170 2874 1300 2941 solitus,

223 2945 357 3013 impero.
781 2959 820 3000 ac
840 2960 902 3012 per
929 2950 1032 3000 totum
1060 2946 1148 2999 diem
1177 2949 1300 3002 retrae-

255 3017 283 3072 8.
295 3017 731 3083 Sallustium...accepimus.
782 3018 882 3071 tando
906 3019 950 3071 ad
969 3016 1189 3084 paucissimos
1213 3016 1299 3071 redi·

221 3086 263 3142 Le
283 3087 361 3159 style
377 3090 414 3144 de
439 3087 571 3144 Salluste
595 3087 669 3142 etait
690 3103 733 3142 un
779 3102 864 3156 pere,
882 3103 947 3144 uon
961 3089 1101 3143 absurde
1116 3101 1250 3142 carmen
1264 3102 1298 3143 se

221 3159 301 3231 sujet
335 3160 372 3215 de
418 3164 610 3216 controverse
648 3174 732 3214 assez
780 3174 878 3214 ursae
915 3174 1002 3214 more
1036 3172 1156 3228 parere
1188 3159 1298 3214 diceus

215 3231 301 3300 vive,
318 3231 474 3287 duvivant
494 3232 594 3286 meme
609 3229 645 3285 de
660 3229 732 3285 l'au·
780 3235 811 3285 61
841 3232 1010 3286 lambendo
1042 3233 1172 3286 demum
1196 3231 1279 3297 effin

222 3305 298 3357 teur.
324 3302 366 3358 Le
388 3302 604 3374 grammairien
623 3302 731 3373 Atejus
778 3317 863 3370 pere.
1260 3329 1261 3332 ¹

223 3373 327 3442 (Suus.
350 3376 462 3429 Gram.
477 3376 523 3438 iot
544 3388 731 3429 recomman-
813 3374 870 3428 Die
880 3390 891 3438 ;
906 3388 972 3427 rare
987 3387 1065 3445 pour
1085 3373 1121 3426 iu
1137 3372 1200 3439 die,
1224 3387 1298 3428 sans

220 3445 285 3500 deit
300 3444 585 3501 nnsiniuspnlion
595 3444 728 3500 d'eviter:
778 3448 864 3498 autre
901 3444 965 3499 desi
987 3444 1094 3499 nation
1120 3442 1157 3498 de
1189 3442 1298 3498 l'unite

222 3519 453 3574 obscuritatem
503 3517 658 3572 Saliustii
699 3521 730 3570 61
777 3461 1068 3588 6616611616116616
1090 3513 1211 3569 dansle
1235 3515 1297 3570 616-

220 3591 400 3646 aadaciam
435 3591 471 3644 in
502 3588 729 3643 translationi·
777 3585 883 3653 gulier.
900 3587 1039 3654 utapro
1053 3589 1142 3642 11666.
1157 3587 1230 3640 Am.
1248 3586 1294 3654 45,

213 3660 289 3718 bus.
326 3663 406 3717 Aun.
432 3660 509 3716 Gne.
536 3662 576 3714 N.
605 3661 643 3714 A.
674 3658 726 3721 IV,
776 3657 901 3713 lsaztn
917 3656 1232 3727 anno,·adfam.15‚
1248 3657 1294 3720 16,

218 3731 306 3799 161,
323 3732 368 3788 dit
394 3731 468 3803 qu'il
491 3732 540 3786 fut
559 3730 662 3801 l'objet
691 3729 728 3785 de
775 3730 863 3784 l:in
890 3730 981 3784 hora.
1007 3728 1054 3784 Cf.
1076 3727 1156 3783 Hos.
1179 3729 1245 3782 Sat.
1268 3726 1293 3790 I,

217 3803 591 3875 critiquesnombreuses3
608 3815 728 3856 sacon—
775 3801 802 3866 1,
818 3801 855 3857 9;
881 3802 921 3854 In
947 3801 1028 3855 bora
1051 3814 1146 3866 saepe
1170 3800 1295 3855 ducen-

217 3873 312 3936 cision
335 3877 456 3930 surtout
478 3878 508 3929 et
534 3889 581 3928 ses
600 3872 727 3944 phrases
777 3876 856 3926 tos...
887 3872 1033 3926 dictabat
1048 3885 1174 3926 versus.
1193 3870 1293 3926 Vuae.

217 3944 356 4003 heurtees
377 3943 535 4018 (brevitas
557 3948 588 3999 et
612 3945 727 4014 abrup-
774 3945 879 4012 Ectop.
907 3943 962 4009 ΙΙΙ,
986 3943 1021 3998 5:
1062 3941 1170 3996 bisin
1201 3941 1292 3996 bora.

219 4020 289 4074 tum
305 4019 466 4074 sermonis
481 4032 595 4085 penus,
612 4015 724 4081 Qumr.
774 4014 918 4084 Draeger,
942 4014 1024 4068 Hist.
1057 4015 1150 4080 synt.
1178 4011 1202 4074 I,
1228 4011 1292 4080 489,

216 4088 268 4153 IV,
292 4091 320 4155 2,
339 4091 384 4155 15)
408 4089 551 4143 faisaient
575 4085 726 4141 161116116-
774 4101 933 4156 remarque
953 4100 1011 4156 que
1033 4086 1109 4139 cette
1133 4085 1295 4139 construc-

212 4161 279 4217 tion
299 4162 351 4217 des
368 4177 428 4216 uns
451 4164 481 4214 et
504 4158 727 4230 provoquaient
774 4156 838 4211 tion
864 4161 910 4211 est
932 4155 1051 4211 usuelle
1077 4157 1198 4209 surtout
1220 4169 1294 4210 aveo

213 4230 259 4289 166
286 4231 504 4306 protestatione
533 4231 585 4285 des
610 4232 724 4283 autres.
773 4227 818 4283 les
833 4228 975 4282 nombres
996 4226 1182 4281 distributifs
1200 4230 1229 4280 et
1248 4225 1293 4282 les

209 4303 290 4368 Quoi
303 4303 377 4375 qn'il
393 4319 430 4359 en
442 4303 510 4365 soit,
526 4318 574 4356 ses
594 4299 725 4426 gualites
773 4300 921 4354 adverbes
937 4300 1117 4353 numeraux.

209 4389 328 4432 comme
349 4391 396 4430 ses
411 4374 544 4442 detauts,
561 4373 594 4427 in
616 4371 723 4443 iquent
814 4371 943 4425 Varius.
958 4371 992 4424 V.
1007 4368 1177 4441 pluebant,
1206 4367 1291 4436 1„98.
