2872 4966
444 300 622 364 -100-

61 453 115 511 aut
130 448 327 509 'desideretur
350 453 404 508 aut
426 443 679 526 reprehendatur.
696 445 756 507 Sed
780 445 871 506 etiam
891 441 943 523 qui
958 436 1079 504 summa

20 549 122 610 Onon
141 547 297 626 adpetent,
317 546 501 607 contendere
524 544 625 623 potius
646 562 739 622 quam
761 543 847 622 sequi
862 542 984 610 debent
1000 541 1080 601 Nam
1177 595 1178 598 ,
1255 531 1256 535 ’

61 645 114 724 qui
137 646 195 705 hoc
219 645 292 722 agit,
309 649 344 705 ut
367 644 450 723 prior
473 643 524 718 sit,
538 643 678 718 forsitan,
693 642 813 702 etiamsi
834 661 895 701 non
912 640 1078 715 transierit,

61 741 215 820 aequabit.
233 741 312 802 Eum
326 759 397 802 vero
411 759 501 800 neme
516 744 613 818 potest
626 757 768 817 aequare,
776 737 865 817 cujus
878 736 1012 814 vestigiis
1023 734 1080 795 sibi

63 840 170 918 utique
183 839 387 900 insistendum
402 844 507 918 putat:
525 856 648 898 necesse
662 843 709 897 est
723 837 805 897 enim
821 854 941 914 semper
955 835 995 894 sit
1014 854 1081 914 pos-

63 937 155 999 terior
174 939 227 1016 qui
249 938 397 1017 sequitur.
414 937 501 998 Adde
522 921 599 1015 quod
620 937 800 1015 plerumque
819 935 938 996 facilius
953 940 1000 994 est
1012 933 1082 1012 plus

63 1038 163 1097 facere
177 1055 270 1115 quam
284 1036 386 1096 idem:
404 1041 520 1096 tantam
534 1035 617 1096 enim
633 1034 843 1095 difficultatem
864 1030 956 1093 habet
972 1031 1082 1092 simili-

63 1134 149 1209 tudo,
164 1140 200 1194 ut
215 1153 253 1194 ne
268 1135 333 1214 ipsa
347 1134 472 1212 quidem
486 1140 595 1194 natura
610 1133 642 1192 in
661 1132 718 1192 hoe
739 1131 781 1192 ita
800 1131 956 1206 evaluerit,
973 1135 1083 1190 utnon

63 1246 112 1288 res
126 1247 205 1307 quae
226 1229 398 1289 simillimae
417 1246 555 1307 quaeque
576 1245 664 1306 pares
678 1226 810 1286 maxime
830 1225 1001 1301 videantur,
1017 1223 1081 1284 uti·

64 1345 123 1404 que
145 1325 323 1387 discrimine
346 1325 446 1411 aliquo
469 1325 692 1385 discernantur.
717 1323 803 1384 Adde
826 1324 918 1402 quod,
934 1321 1081 1402 quidquid

65 1424 152 1486 alteri
167 1425 266 1485 simile
280 1430 337 1502 est,
353 1414 478 1484 necesse
492 1428 538 1483 est
553 1423 656 1482 minus
672 1423 711 1483 sit
726 1441 772 1499 eo,
789 1422 869 1500 quod
884 1422 1032 1498 imitatur,
1047 1425 1082 1480 ut

7 1521 44 1584 11
67 1522 177 1583 umbra
192 1540 316 1607 corpore
330 1527 360 1581 et
373 1520 472 1598 imago
488 1520 563 1580 facie
577 1525 608 1579 et
628 1525 714 1580 actus
733 1519 918 1579 histrionum
932 1518 1011 1579 veris
1025 1518 1081 1579 ad·

67 1620 214 1686 tectibus.
236 1620 322 1693 Quod
345 1619 378 1679 in
401 1617 587 1678 orationibus
611 1609 731 1697 quoque
752 1617 863 1678 evenit.
880 1619 1019 1696 Namque
1033 1617 1083 1696 iis,

65 1718 192 1796 quaein
214 1717 388 1798 exemplum
406 1716 612 1792 adsumimus,
629 1716 734 1776 subest
755 1721 865 1776 natura
884 1721 914 1775 et
934 1734 1005 1777 vera
1027 1715 1084 1792 vis,

69 1821 173 1877 contra
191 1817 290 1877 omnis
308 1815 436 1876 imitatio
460 1815 537 1876 facta
560 1821 607 1874 est
629 1820 659 1875 et
680 1814 717 1876 ad
741 1813 875 1875 alienum
898 1813 1086 1893 propositum

8 1914 48 1974 12
68 1914 324 1975 accommodatur.
342 1914 407 1986 Quo
422 1913 457 1972 fit
471 1919 505 1972 ut
520 1913 623 1973 minus
638 1912 796 1990 sanguinis
810 1931 845 1973 ac
860 1911 972 1972 virium
985 1911 1085 1974 decla·

71 2013 218 2073 motiones
233 2012 366 2072 habeant
379 2030 472 2091 quam
487 2011 650 2088 orationes,
666 2011 746 2090 quod
761 2011 792 2070 in
808 2011 868 2071 illis
888 2030 971 2085 vera,
987 2010 1020 2071 in
1039 2011 1088 2072 his

70 2110 240 2170 adsimilata
265 2108 392 2169 materia
419 2114 480 2170 est.
509 2109 595 2169 Adde
623 2108 703 2187 quod
732 2127 779 2182 ea,
805 2127 883 2187 quae
910 2108 943 2169 in
971 2114 1088 2170 oratore
1101 2147 1140 2199 ·.'

73 2208 206 2268 maxima
218 2212 302 2284 sunt,
317 2206 476 2267 imitabilia
497 2227 559 2268 non
579 2212 662 2284 sunt,
683 2207 853 2284 ingenium,
869 2206 1014 2286 inventio,
1030 2207 1086 2282 viS,
1103 2222 1119 2253 ³
1138 2209 1141 2216 '

72 2307 200 2368 facilitas
226 2313 255 2366 et
281 2305 429 2384 quidquid
454 2312 519 2367 arte
542 2307 603 2366 noir
626 2306 769 2366 traditur.
784 2306 915 2384 Ideoque
940 2306 1086 2387 plerique,

14 2462 98 2518 ulios
136 2460 286 2524 densius,
321 2461 411 2527 apud
443 2461 526 2516 otios
575 2475 632 2528 con
650 2459 703 2514 des
719 2458 874 2514 meilleurs
889 2459 960 2525 Me,
979 2459 1090 2529 facere
1179 2511 1183 2517 .

12 2533 152 2604 fortasse
168 2530 294 2585 rarius.
575 2533 672 2601 ayant
687 2530 732 2586 tre
758 2534 915 2586 nemment
928 2530 957 2587 16
973 2547 1043 2588 sens
1053 2531 1091 2587 de

45 2599 525 2673 10.Summu.Gf.I‚19.prooem:
575 2547 790 2674 finpermila
811 2602 944 2658 subsiste
964 2603 1042 2658 dans
1063 2602 1091 2658 le

14 2675 113 2730 Nobis
128 2675 172 2729 ud
185 2686 313 2728 summo
326 2674 527 2727 tendendum
576 2676 641 2728 mot
656 2673 790 2740 franceis
808 2673 939 2744 suetiae,
956 2675 1010 2747 qui
1023 2690 1092 2730 con·

16 2750 114 2811 esta..
131 2745 269 2799 ultius...
290 2745 385 2798 ibunt
403 2745 460 2813 qui
484 2745 529 2799 od
576 2745 662 2800 vient
674 2744 724 2799 ici.

16 2831 148 2873 summu
168 2817 331 2870 nitentur.
612 2816 657 2871 12.
685 2818 879 2886 Sanquinii.
904 2817 951 2874 Cf.
977 2819 1005 2883 1,
1031 2816 1090 2873 6οε

58 2889 172 2957 Utique
210 2909 242 2934 .-
277 2887 368 2940 omni
411 2888 530 2952 modo;
577 2887 769 2942 Plurimum
791 2889 966 2957 sanquinis
994 2894 1093 2960 atque

17 2957 303 3023 aveclaneqation:
321 2959 528 3014 nullomodo.
579 2973 755 3014 nervorum
781 2960 825 3030 (in
848 2960 1053 3032 Archilocho),
1063 2962 1093 3014 et

18 3032 90 3088 San.
106 3033 163 3098 Ep.
178 3028 214 3085 85
230 3029 452 3097 :eubernutori
460 3044 531 3097 pro·
578 3031 650 3085 115:
672 3044 786 3084 oerum
801 3032 1001 3102 sanquinem
1020 3045 1094 3101 per-

13 3103 161 3172 posttum
175 3104 223 3155 est
236 3101 477 3169 utiquenuoem
494 3101 530 3154 in
579 3102 702 3156 didisse
719 3101 884 3175 (Calvum).

13 3178 149 3243 portum
163 3174 353 3239 perducere.
614 3174 655 3227 In
679 3174 783 3228 iltis...
812 3175 849 3229 in
873 3175 935 3230 lu's.
965 3173 1024 3230 Les
1039 3175 1095 3230 de-

54 3244 283 3299 Discrimine...
295 3244 532 3298 discernuntur
580 3244 773 3299 monstratifs
788 3249 858 3302 sont
884 3247 923 3302 ici
938 3245 1095 3320 employes

74 3313 258 3385 thligence
286 3313 323 3368 de
357 3313 452 3384 styls;
496 3315 532 3369 de
581 3316 599 3369 d
626 3315 768 3385 rebours3
797 3316 953 3390 lorsqu'on
982 3331 1096 3390 oppose

20 3391 119 3443 meme
134 3387 219 3440 adde
234 3385 533 3457 quadrupedium
580 3387 661 3441 deux
684 3387 782 3457 objets
803 3405 859 3461 par
875 3391 927 3445 liic
946 3392 976 3445 61
990 3391 1057 3457 1116,
1074 3387 1097 3442 11

18 3459 131 3532 phrase
153 3456 190 3511 de
206 3455 367 3525 distance3
390 3456 461 3528 puis
484 3474 534 3513 en·
581 3460 655 3529 peut
676 3457 791 3514 arriver
814 3475 873 3531 que
896 3461 948 3517 hic
961 3461 1095 3533 designo,

22 3526 444 3600 coreunpeuplrrsbas,12.
582 3544 645 3584 non
688 3528 766 3585 celui
799 3531 852 3603 qui
885 3537 931 3588 est
961 3531 990 3588 16
1026 3531 1098 3604 plus

57 3602 106 3656 11.
130 3602 228 3654 Actus
250 3599 471 3653 histrionum:
492 3599 535 3652 Le
583 3600 750 3683 rapproohd
773 3602 1097 3673 grammaticalement,

25 3675 79 3728 r’eu
92 3674 147 3726 des
163 3674 304 3725 ucteurs.
317 3669 365 3725 Cf.
381 3670 432 3738 VI,
447 3670 475 3732 2,
485 3667 534 3723 35:
583 3687 661 3727 mars
677 3670 755 3728 celui
770 3674 823 3800 qui
837 3673 905 3730 l'est
920 3675 957 3731 de
972 3674 1003 3730 la
1027 3690 1099 3748 pen-

26 3744 96 3798 61611
111 3756 166 3812 eqo
182 3756 273 3810 saepe
289 3742 464 3797 histriones
483 3743 538 3794 ut·
585 3743 705 3799 61601.
720 3743 758 3798 K.
791 3745 814 3807 I,
830 3746 894 3808 454,
909 3747 937 3804 5.

26 3829 88 3885 que
103 3815 277 3876 comoedos,
286 3827 361 3868 cum
373 3828 414 3868 eu
426 3814 537 3881 utiquo
619 3816 696 3870 Arte
713 3831 777 3870 non
797 3819 963 3872 traditur:
984 3832 1018 3874 ce
1042 3816 1100 3887 qui

28 3886 179 3956 praviore
199 3889 273 3939 actu
288 3899 467 3952 personum
489 3886 539 3938 de·
586 3900 627 3940 ne
649 3888 821 3955 s'npprend
841 3902 905 3956 pas
933 3888 955 3944 d.
984 3891 1099 3945 t’ecote.

24 3957 214 4027 posuissent
261 3957 377 4024 flentes
431 3956 539 4011 adbuc
586 3956 668 4011 Pour
688 3957 716 4012 16
739 3957 1045 4031 fonddelapenste,
1061 3960 1099 4015 cf.

29 4029 149 4099 edredi.
587 4027 727 4090 Bornos,
751 4029 833 4084 Dirc.
858 4046 917 4084 sur
942 4033 971 4087 ie
995 4033 1102 4100 style:

60 4102 194 4156 Natura
215 4101 247 4152 et
270 4113 348 4153 veru
374 4099 423 4153 cis
452 4097 541 4169 equi-
591 4097 661 4153 «lls
686 4099 863 4155 travaillent
885 4117 937 4156 sur
963 4101 1008 4158 les
1022 4105 1102 4157 mets

30 4172 134 4228 vania
151 4185 156 4225 :
173 4170 343 4224 nuturntts
359 4174 403 4226 et.
415 4212 438 4226 ..
588 4172 618 4224 et
633 4169 827 4242 s'imaginent
852 4173 940 4227 avoir
963 4173 1103 4229 combine

66 4245 187 4307 Fucta;
214 4239 369 4296 d'autres:
400 4241 488 4312 fictu.
515 4239 542 4295 Il
589 4240 642 4296 dos
667 4240 759 4310 idees,
775 4257 864 4313 parce
879 4243 969 4315 qu'ils
984 4249 1104 4300 611161-

32 4313 111 4387 n’ya
125 4328 181 4386 pas
196 4310 259 4368 lieu
272 4311 308 4367 de
323 4311 431 4384 rejeter
444 4311 475 4367 la
496 4311 543 4368 le·
588 4314 683 4385 range
697 4312 749 4369 des
763 4313 900 4386 phrases,
917 4320 973 4372 616.
987 4337 998 4366 »
1090 4382 1093 4385 Α
