2872 4966
681 322 714 334 --
734 287 794 354 108
814 323 853 337 -

274 469 353 529 qnae
374 457 442 512 tum
457 457 504 513 est
524 452 743 531 pulcherrima,
768 473 840 514 cum
859 455 1009 533 sequitur,
1032 475 1094 518 non
1109 478 1181 519 cum
1196 477 1301 520 arces·

274 550 362 609 situr.
375 551 457 612 Haec
473 553 498 612 si
515 553 746 632 perviderimus
763 560 914 614 tumuere
929 555 1130 635 imitabimur.
1148 558 1208 630 Qui
1224 577 1295 618 vero

277 649 369 708 etiam
385 651 505 729 propria
522 650 571 710 his
592 650 671 711 bona
685 651 830 730 adjecerit
852 658 886 712 ut
902 654 1039 732 suppleat
1064 675 1142 734 quae
1157 656 1295 734 deerant,

278 747 474 811 circumcidat
499 750 524 808 si
547 749 621 828 quid
636 750 829 825 redundabit,
846 751 872 810 is
894 751 965 824 erit,
989 770 1082 830 quem
1103 755 1295 832 quaerimus,

216 844 257 904 28
277 847 430 924 perfectus
445 854 565 908 orator:
580 865 672 926 quem
687 867 770 907 nuno
790 851 996 910 consummari
1007 851 1202 930 potissimum
1211 871 1298 931 opor·

280 944 373 1021 tabat,
399 964 471 1004 cum
495 950 578 1005 tanto
603 946 691 1024 ptura
717 945 854 1026 exempla
880 946 957 1008 bene
979 948 1099 1009 dicendi
1118 955 1295 1028 supersunt,

283 1061 376 1120 quam
395 1042 465 1117 illis,
486 1043 538 1121 qni
559 1043 660 1103 adhuc
676 1044 789 1103 summi
805 1048 889 1120 sunt,
910 1046 1114 1123 contigerunt.
1139 1047 1218 1108 Nam
1239 1047 1299 1106 erit

281 1140 356 1199 haec
377 1157 496 1217 quoque
510 1139 576 1200 laus
591 1158 710 1218 eorum,
725 1146 760 1200 ut
776 1141 892 1220 priores
905 1161 1078 1222 superasse,
1095 1149 1229 1224 posteros
1245 1144 1299 1204 do-

280 1239 380 1299 cuisse
395 1239 548 1300 dicantur.

254 1446 729 1519 neqnttnraommeplushaut,
783 1449 828 1502 tes
852 1449 1004 1517 opinions
1028 1463 1108 1505 sans
1138 1450 1298 1518 mepra’ser

218 1521 263 1576 26.
289 1521 334 1576 De
353 1523 452 1575 meme
476 1518 558 1584 VIII,
594 1533 730 1590 prooem.
784 1520 829 1575 tes
850 1521 985 1575 enciens
1013 1525 1042 1574 et
1068 1534 1148 1576 sans
1178 1521 1297 1590 inpra-

218 1590 580 1661 182deoortsqua'estin
595 1592 732 1645 dicendo
784 1592 889 1646 titude
914 1605 1029 1647 envers
1054 1593 1296 1662 campumque

219 1677 292 1718 mea
309 1664 443 1733 quictem
463 1662 631 1717 sententia
650 1663 732 1729 put·
784 1663 828 1716 tes
862 1662 1042 1732 premieres
1074 1664 1297 1718 connaissan-

219 1735 411 1801 cherrimus,
441 1735 498 1788 sed
527 1747 602 1788 cum
627 1734 732 1803 sequi·
782 1747 833 1790 ces
870 1733 968 1803 qu'tts
1001 1748 1084 1789 nous
1121 1737 1178 1789 ont
1212 1736 1297 1789 don·

222 1811 287 1872 tur,
305 1820 370 1861 non
390 1818 465 1860 cum
478 1802 677 1873 adfectatur.
783 1806 858 1859 neas
870 1809 927 1859 ont
941 1806 1028 1860 servi
1044 1807 1082 1860 de
1093 1806 1208 1874 depres
1222 1819 1295 1860 auu

253 1877 299 1931 28.
316 1875 488 1944 Perfectus
510 1879 639 1940 orator;
661 1874 732 1930 no
783 1875 913 1941 notram
929 1892 990 1946 que
1015 1879 1099 1931 dans
1121 1891 1172 1932 ces
1194 1890 1296 1931 aran·

220 1947 438 2003 aveclanote.
784 1950 873 2015 tapes
919 1961 1001 2003 nous
1049 1949 1122 2002 leur
1157 1961 1296 2004 sommes

255 2019 495 2085 Consrrmmari‚
532 2013 664 2073 o.-a.-d.
694 2022 732 2071 ut
781 2019 969 2073 redevabtes
1013 2020 1052 2074 ae
1089 2020 1296 2074 t’asoendant

215 2090 384 2161 perfectus
398 2091 466 2161 fiat.
488 2088 547 2145 Sur
560 2087 588 2142 le
613 2088 732 2143 sens-de
782 2103 843 2159 que
874 2104 957 2144 nous
988 2104 1089 2146 avons
1120 2106 1181 2146 sur
1208 2105 1295 2155 eum·

219 2166 469 2217 consummatus
503 2182 534 2208 ε
563 2157 731 2228 perfectus
779 2155 1295 2231 parcequns’aante'teoesjus-

219 2234 258 2288 of.
275 2235 302 2300 t,
316 2232 369 2288 122
380 2236 408 2288 et
423 2231 455 2286 la
466 2231 548 2286 nota.
561 2232 732 2298 Oportebat
783 2229 858 2301 qu’d
874 2248 920 2286 un
936 2233 1065 2290 certain
1081 2234 1178 2302 depre
1193 2234 1235 2288 on
1250 2233 1297 2288 its,

220 2309 249 2360 et
264 2320 343 2360 non:
357 2306 513 2375 operteat,
530 2316 597 2356 mar
620 2316 657 2357 ue
671 2317 731 2358 nne
783 2317 866 2357 nous
881 2307 938 2358 ont
948 2307 1068 2372 portes,
1094 2306 1122 2359 te
1144 2304 1295 2359 motndre

219 2375 375 2432 condition
400 2374 453 2446 qui
477 2373 578 2428 aurait
598 2317 639 2427 du
670 2375 732 2428 etre
783 2375 880 2441 affort
895 2388 977 2430 nous
992 2374 1058 2444 fuit
1075 2378 1203 2430 menter
1214 2377 1294 2444 plus
1316 2384 1322 2393 ·

218 2447 344 2502 realisee
379 2445 457 2518 ddja,
487 2459 600 2517 pourra
636 2442 730 2512 l’etre,
783 2445 1020 2511 nannetense
1036 2447 1296 2515 moinsdepeine

219 2519 297 2573 mais
313 2533 349 2572 na
364 2516 431 2573 l'est
445 2532 501 2589 pas
513 2529 630 2570 encore.
783 2520 815 2571 et
831 2517 937 2571 meins
947 2519 985 2572 de
997 2519 1100 2588 ptotre
1117 2532 1199 2573 nous
1213 2531 1296 2574 nous

255 2590 479 2658 Conttperunt.
516 2586 564 2642 af.
600 2584 730 2651 Pascat,
785 2592 939 2643 trouoons
960 2591 1133 2645 au-dessus
1156 2590 1293 2644 d'eua.»

220 2664 259 2716 ate
280 2660 445 2716 t'autortte
465 2673 505 2713 en
531 2658 670 2712 mettere
692 2657 732 2709 de
818 2660 951 2713 Eorum.
971 2675 996 2715 o.
1021 2676 1050 2716 a.
1067 2660 1096 2715 d.
1113 2661 1171 2729 qui
1186 2661 1296 2716 adhuc

215 2732 443 2801 philosophie:
465 2753 475 2779 ι
494 2731 573 2785 C'est
596 2729 635 2782 de
650 2729 731 2781 cette
783 2730 906 2784 summi
921 2736 1010 2786 sunt.
1027 2731 1074 2788 On
1095 2733 1170 2803 pout
1186 2730 1296 2787 doutar

220 2803 318 2874 sapon
352 2817 413 2873 que
458 2803 520 2856 t’on
555 2803 637 2869 peut
667 2811 732 2852 au·
783 2799 1088 2859 delasinoeritedes
1112 2802 1295 2874 asperandae

214 2875 384 2943 jourd'nut
410 2874 555 2942 prendre
584 2870 730 2925 d’autres
784 2872 952 2944 exprimens
963 2873 1002 2930 ici
1017 2889 1073 2947 par
1086 2872 1190 2941 Quint.

220 2948 414 3002 sentimenta
453 2949 483 2999 et
517 2943 554 2997 de
595 2941 732 2997 nouvel-
