2872 4966
663 272 842 339 ..124-

277 443 337 504 que
355 425 625 505 inserere-oportet
636 442 736 503 neque
758 424 881 485 differre
895 430 996 484 tutum
1011 423 1156 502 est-quia
1170 423 1296 487 interim

276 524 450 603 elabuntur,
467 524 589 585 interim
605 523 769 584 memoriae
783 523 830 583 sui
846 522 977 583 intentos
996 520 1035 583 ab
1049 522 1107 584 alia
1122 524 1296 586 inventione

276 621 429 683 declinant
440 622 566 702 ideoque
581 621 693 701 optime
708 620 825 680 suntin
840 620 985 700 deposito.

216 811 256 862 ut
270 812 378 862 mente
391 813 543 877 concepta
556 824 667 866 333333
679 825 733 865 vo·
781 811 883 877 modo,
899 807 970 883 plus
980 808 1122 882 frequent
1134 827 1193 884 que
1204 829 1295 870 aune

216 880 733 950 earemaa,laminaautemprae-
779 881 890 954 repete.
976 904 978 908 ¹

216 951 373 1020 ripaeque
385 949 422 1005 ia
445 953 607 1008 clausulis
619 955 731 1022 posita
813 987 926 1042 Suu-:q
946 1002 980 1044 ,a

465 1022 471 1034 ·
515 1023 521 1035 ·
676 1025 682 1037 .
981 988 1099 1046 ttaohor
1124 991 1291 1048 temous:

215 1019 730 1166 uuae.t¹.u¹.tumt
776 1057 933 1143 333
957 1059 1127 1136 ...nn
1151 1061 1227 1118 os
1242 1079 1294 1119 ω-

218 1201 250 1246 ··:
260 1176 321 1230 pro
333 1165 649 1234 sententiepomtum
663 1181 730 1222 3333
777 1133 866 1186 ΜΠ·

216 1236 382 1291 vedeatur.
426 1271 428 1276 -
570 1281 574 1288 ,
811 1238 852 1291 In
867 1237 1019 1305 deposito.
1035 1234 1292 1308 Expressionem·

252 1305 432 1362 Interim...
470 1306 616 1361 interim.
649 1306 729 1362 Chez
775 1305 1312 1391 3333113113133333]3311313113;,

216 1375 320 1442 Quint.
332 1374 501 1432 seulement
512 1393 589 1451 pour
597 1381 724 1435 modo...
774 1379 830 1434 roi:
847 1393 884 1433 en
900 1379 1031 1447 reservo,
1045 1392 1083 1433 en
1100 1380 1182 1434 note.

314 2413 458 2494 Sequitur
481 2416 744 2493 emendatio,
779 2436 849 2498 pers
873 2416 1045 2477 studiorum
1079 2414 1167 2491 longe
1190 2411 1290 2472 utilis·

213 2508 230 2571 1
273 2509 378 2569 sima:
407 2528 506 2590 neque
530 2511 613 2572 enim
636 2512 702 2572 sine
726 2531 818 2573 causa
841 2512 991 2573 creditum
1022 2515 1069 2571 est
1095 2509 1201 2570 stilum
1226 2524 1288 2567 non

272 2606 488 2686 minusagere,
512 2626 583 2668 cum
608 2608 698 2670 delet.
724 2608 825 2688 Hujus
839 2613 942 2669 autem
965 2607 1065 2687 operis
1083 2611 1130 2667 est
1151 2604 1283 2680 adicere,

272 2704 442 2783 detrahere,
463 2711 593 2767 mutare.
620 2707 680 2769 Sed
704 2708 824 2768 facilius
846 2708 879 2768 in
893 2707 931 2767 iis
954 2705 1183 2785 simpliciusque
1204 2700 1289 2781 judi-

271 2803 366 2880 cium,
380 2822 459 2882 quae
473 2804 617 2884 replenda
640 2806 686 2867 vel
711 2806 867 2867 deicienda
882 2811 975 2866 sunt:
992 2822 1131 2884 premere
1154 2821 1224 2863 vero
1239 2807 1288 2861 tu-

271 2903 394 2974 mentia,
420 2903 550 2965 humilia
569 2904 722 2985 extollere,
748 2904 934 2966 luxuriantia
957 2903 1158 2981 adstringere,
1173 2900 1287 2961 inordi-

246 3120 275 3176 1.
299 3122 467 3179 Creditum
488 3122 610 3180 331111.
635 3123 723 3192 1‚48‚
772 3120 839 3177 sion
874 3134 954 3194 pour
978 3117 1192 3198 adicienda.3.
1227 3116 1286 3170 de-

211 3191 252 3247 od
283 3207 358 3248 eveo
385 3192 480 3248 Halm
513 3209 592 3250 nous
629 3210 725 3251 avons
773 3185 1285 3261 traheade‚·metaphorot1reedo

212 3262 322 3388 adogte
337 3263 367 3319 la
385 3263 472 3332 13333
487 3267 636 3322 creditur
648 3281 726 3392 Hour
770 3262 913 3324 l'idiode
939 3259 1146 3317 nivellement.
1161 3257 1208 3314 Gt.
1232 3258 1284 3311 Di-

212 3349 264 3390 ere
290 3335 376 3390 itum
405 3341 463 3405 est,
510 3337 541 3392 ui
573 3342 620 3394 331
668 3352 725 3392 333
770 3339 850 3405 aest.
875 3333 969 3400 XLII,
993 3332 1071 3398 al:
1093 3332 1159 3399 teqe
1184 3329 1284 3397 repte-

212 3404 360 3478 quelques
393 3407 451 3464 Ms.
484 3353 525 3463 de
548 3408 725 3481 passage-oi
772 3407 925 3476 turquod
948 3402 1127 3460 sententiae
1150 3402 1240 3456 deest
1254 3402 1284 3484 31

211 3491 325 3550 prouve
349 3494 408 3550 que
432 3477 595 3535 creditam
619 3485 724 3537 estne
769 3476 825 3532 Ov.
850 3479 926 3532 Her.
952 3475 991 3542 X,
1015 3473 1070 3530 37:
1100 3472 1188 3534 Quod
1214 3485 1283 3526 3333

211 3547 330 3619 signifie
351 3566 408 3622 pas
426 3553 512 3607 tant:
538 3552 600 3606 l'oa
619 3566 722 3619 eoru,
771 3551 896 3614 deerat,
919 3548 1078 3616 ptenqore
1106 3542 1282 3612 replebam.

210 3633 270 3690 que
285 3635 291 3675 :
306 3619 462 3690 l'opinion
478 3621 552 3678 s'est
575 3623 724 3679 accredi-
805 3622 972 3675 Premere.
984 3618 1021 3673 V.
1031 3617 1059 3680 1,
1070 3615 1106 3670 46
1118 3617 1149 3670 31
1164 3613 1196 3668 13
1212 3615 1283 3668 3313

211 3692 268 3746 133.
302 3690 349 3748 03
378 3697 451 3766 peut
487 3692 516 3754 le
551 3693 724 3750 consideret
769 3706 822 3746 sur
838 3693 1145 3818 1331333361333333
1160 3688 1217 3740 313.
1235 3683 1289 3756 Cf.

208 3775 326 3819 comme
345 3779 386 3819 un
410 3763 524 3837 pariait
546 3766 721 3837 gnomique,
768 3762 850 3818 Hon.
867 3762 1006 3828 Set.1‚l
1027 3801 1036 3828 ,
1052 3759 1087 3814 69
1099 3773 1106 3814 :
1118 3759 1284 3814 Detereret

210 3832 273 3890 desi
297 3839 372 3889 nent
386 3850 428 3889 un
440 3834 496 3890 fait
509 3837 598 3907 passe
609 3837 685 3893 dont
693 3836 722 3893 le
767 3835 830 3890 sibi
863 3834 982 3899 matta,
1007 3830 1168 3887 recideret
1186 3840 1281 3883 omae

209 3849 339 3962 renuiter
353 3905 427 3962 dure
441 3915 557 3962 e'noore.
767 3906 853 3975 qaod
876 3906 969 3959 ultre
993 3902 1183 3973 Perfectum
1209 3903 1283 3954 tra·

245 3974 328 4035 Cum
360 3978 467 4032 delet.-
491 3976 592 4050 suppl.
619 3991 720 4047 quam
767 3977 910 4032 iteretur.

207 4064 282 4106 cum
296 4048 420 4104 scribit.
445 4048 491 4104 De
506 4053 603 4104 memo
623 4050 651 4115 l,
664 4047 725 4103 3οςΙ
801 4046 1007 4102 inordinato.
1029 4044 1054 4098 A
1078 4040 1224 4098 entendre
1245 4038 1282 4096 de

202 4117 718 4192 33113333313313333...333331.
766 4117 823 4173 l'ex
848 4116 964 4172 ression
976 4117 1006 4170 31
1030 4129 1091 4170 333
1106 4113 1159 4169 des
1173 4112 1255 4168 idees
1270 4126 1280 4183 ;

206 4207 307 4262 quam
334 4192 493 4246 311113-
517 4192 718 4261 Reptenda...
765 4134 885 4256 111Ιί11,
899 4187 956 4243 27;
976 4186 1193 4256 felicissimus
1210 4199 1281 4239 aer-

207 4263 402 4329 aetermam,-
425 4262 540 4319 variae
569 4262 719 4334 d’expres-
765 4264 877 4316 moeat
901 4259 955 4314 eui
971 4261 1002 4313 et
1027 4261 1136 4312 rectus
1157 4256 1234 4312 ordo
1249 4257 1287 4310 et¹
