2872 4966
648 283 828 350 -157-

170 441 387 502 exercitatione
411 439 542 502 dicendi.
570 441 615 499 Ne
639 439 669 498 id
694 438 819 517 quidem
844 438 1007 499 tacendum
1029 444 1086 517 est,
1113 440 1192 517 quod
1213 440 1253 499 28

172 541 271 601 eidem
299 539 437 601 Ciceroni
466 539 573 618 placet,
612 537 733 597 nullum
765 544 909 598 nostrum
936 556 1067 615 usquam
1093 538 1194 615 negle-

173 643 295 716 gentem
319 656 386 698 esse
410 654 602 697 sermonem:
629 635 776 714 quidquid
800 635 962 714 loquemur
992 634 1190 713 ubicumque,

173 737 213 797 sit
234 756 288 816 pro
310 756 365 796 sua
388 735 501 796 scilicet
525 735 660 813 portione
674 736 853 812 perlectum.
887 733 1090 794 Scribendum
1106 739 1187 793 certe

173 853 342 913 numquam
357 830 402 893 est
418 832 526 909 magis,
545 851 637 910 quarn
648 850 719 891 cum
734 832 831 891 multa
841 831 979 891 dicemus
995 851 1031 891 ex
1044 837 1191 910 ternpore.

173 934 218 993 lta
231 933 314 993 enim
329 930 499 992 servabitur
513 930 631 1010 pondus
644 936 675 990 et
688 929 833 989 innatans
849 929 900 989 ills
916 929 1080 990 verborum
1100 930 1194 990 facili-

174 1038 220 1092 tes
238 1032 270 1090 in
290 1031 386 1090 altum
401 1028 576 1104 reducetur,
601 1029 679 1088 sicut
694 1028 801 1087 rustici
818 1029 974 1107 proximas
989 1029 1059 1088 vitis
1076 1029 1193 1089 radices

174 1133 343 1207 amputent,
369 1144 447 1204 quae
470 1125 554 1185 illam
578 1126 610 1185 in
632 1144 790 1184 summurn
808 1125 907 1184 solum
921 1125 1049 1201 ducunt,
1067 1131 1102 1184 ut
1116 1126 1164 1186 inf
1179 1160 1192 1170 ·

172 1229 267 1287 riores
287 1225 409 1306 penitus
423 1223 632 1283 descendendo
648 1223 819 1282 firmentur.
848 1223 893 1282 Ao
908 1224 1010 1283 nescio
1024 1242 1063 1283 an
1073 1229 1193 1284 utrum·
1213 1224 1253 1287 29

174 1344 245 1404 que,
270 1344 340 1385 curn
363 1341 437 1382 cura
451 1329 480 1380 et
496 1321 595 1380 studio
610 1320 785 1396 fecerimm,
802 1320 933 1380 invicem
946 1321 1050 1399 prosit,
1068 1327 1103 1382 ut
1118 1323 1192 1382 scri-

174 1422 273 1482 bendo
298 1421 436 1481 dicamus
464 1418 652 1494 diligentius
679 1417 808 1477 dicendo
847 1418 1019 1478 scribemus
1059 1419 1189 1479 facilius

176 1521 378 1584 Scribendum
392 1539 471 1596 ergo,
490 1518 629 1597 quotiens
644 1516 765 1592 licebit3
793 1517 818 1576 si
842 1516 873 1575 id
888 1534 949 1575 non
963 1514 1096 1592 dabitur,
1113 1516 1193 1593 cogi-

176 1620 323 1680 tandum:
349 1618 387 1677 ab
410 1621 539 1694 utroque
563 1613 678 1673 exclusi
702 1612 814 1672 debent
836 1618 940 1672 tamen
965 1612 996 1671 id
1011 1612 1142 1689 efficere,
1159 1619 1191 1672 ut

176 1735 275 1795 neque
296 1715 465 1795 deprensus
488 1717 587 1772 orator
611 1729 709 1789 neque
734 1711 870 1788 litigator
884 1709 1049 1771 destitutus
1063 1729 1130 1770 esse
1144 1710 1191 1769 vi·

127 1855 130 1860 -
176 1816 294 1876 deutur.

216 1913 403 1988 Plerumque
426 1899 529 1969 autem
553 1906 649 1967 multa
665 1907 829 1984 agentibus
853 1907 976 1984 accidit,
1002 1912 1037 1966 ut
1060 1907 1193 1968 maxime
1214 1908 1254 1968 30

176 2011 346 2074 necessaria
360 2015 390 2069 et
403 2009 508 2087 utique
523 2005 609 2066 initia
623 2005 769 2084 scribant,
790 2012 890 2068 cetera
910 2024 988 2084 quae
1005 2007 1094 2066 domo
1108 2006 1194 2067 adfe-

176 2161 316 2236 l’eppelle
345 2170 504 2214 canorum
529 2159 693 2210 oratorem
777 2158 817 2211 In
838 2159 947 2212 altum
973 2158 1171 2211 reducetur:
1195 2171 1261 2211 sera

177 2242 207 2293 el
223 2236 396 2292 volubilem
413 2233 445 2283 et
459 2228 543 2282 salis
557 2240 668 2281 acrem
684 2241 693 2294 3
741 2229 883 2284 remoneo
899 2228 976 2283 dens
986 2226 1032 2282 les
1047 2227 1259 2298 prosondeurs.

177 2299 548 2363 venemenremeivatae
565 2299 693 2352 dulcem
777 2299 867 2354 Sicut
932 2299 1062 2354 rustici.
1114 2298 1262 2355 Nouvelle

177 2386 208 2436 er
224 2377 464 2449 perfacetum...
485 2370 694 2424 industrium
742 2369 843 2441 image
855 2370 908 2496 qui
923 2386 960 2425 no
975 2369 1115 2425 s'essocie
1151 2371 1261 2426 astris

178 2452 279 2508 eliam
309 2454 339 2505 et
370 2445 563 2513 dilipentem
598 2444 629 2494 et
657 2441 694 2494 in
741 2441 846 2496 hicne
874 2441 1090 2513 apre'cbdente.
1139 2441 1160 2495 f.
1183 2457 1262 2513 pour

178 2516 469 2580 enercitationibus
500 2515 696 2568 commenta·
743 2512 795 2568 des
814 2513 1027 2568 incohc'rences
1052 2510 1219 2583 analogues
1231 2513 1260 2580 3,

179 2595 384 2662 tionibusque
415 2586 559 2639 mullum
579 2597 694 2650 operae
742 2584 805 2639 bot
824 2583 959 2639 aillcurs.

177 2668 313 2722 solitum
344 2672 475 2730 ponere.
500 2655 616 2709 Accnsb
661 2669 696 2708 ar
778 2658 979 2711 Procrimas:
1001 2655 1133 2710 voisines
1149 2655 1190 2710 du
1203 2655 1260 2710 sol.

176 2737 205 2794 le
227 2737 319 2808 jeune
341 2733 471 2788 Crassus
495 2741 532 2780 en
552 2725 598 2790 59,
621 2669 695 2780 ilpse
743 2757 777 2766 —
791 2729 832 2782 In
847 2741 1015 2782 summum
1030 2728 1145 2782 solum.
1169 2726 1216 2781 cf.
1231 2726 1260 2792 3,

178 2809 281 2864 donne
294 2806 326 2860 la
338 2803 427 2860 mort.
452 2797 499 2852 Cf.
515 2799 554 2851 de
574 2800 657 2851 orat.
670 2795 694 2860 Ι,
742 2800 779 2853 2:
790 2797 959 2868 profectus
975 2837 993 2850 ..
1017 2813 1037 2852 a
1062 2813 1190 2854 summo
1201 2814 1262 2867 pe-

176 2882 222 2947 31,
238 2879 309 2935 154:
328 2879 364 2930 in
382 2870 595 2930 cotidianis...
616 2881 696 2922 com·
746 2871 842 2925 titus:
858 2871 876 2924 d
890 2869 920 2924 la
936 2869 1065 2924 suriaco.

174 2936 696 3010 ‘mentitionibusequtden(Cras-
778 2941 823 2996 29.
848 2941 960 2996 Nescio
982 2955 1038 3006 an,
1055 2955 1171 2995 comme
1191 2940 1262 3013 plus

178 3027 242 3093 sus)
294 3020 376 3075 mibi
424 3012 695 3069 adulescentulas
743 3011 1263 3084 hsui6,1equivautsimplement

173 3105 352 3165 proponere
402 3085 544 3142 solebam
598 3082 694 3136 illam
744 3083 927 3154 &fortasse
938 3083 1038 3138 K.Gr.
1049 3085 1083 3137 L.
1094 3083 1260 3151 ΙΙ,1021,6.

177 3163 447 3222 exercitationem
464 3154 619 3219 maaime,
629 3167 694 3221 qua
786 3157 962 3224 Utrumque
976 3170 988 3220 ‚·
1003 3154 1120 3210 o.-i.-d.
1134 3156 1261 3210 :dicere

179 3240 209 3294 C.
225 3237 412 3298 Carbonem,
429 3231 577 3282 nostrum
597 3225 695 3278 illum
743 3241 782 3282 ae
815 3227 964 3282 seribere.
990 3225 1048 3280 Les
1074 3226 1155 3281 deux
1187 3225 1262 3281 s'en-

178 3307 362 3371 inimicum,
387 3301 522 3357 solitum
551 3310 617 3350 esse
644 3295 695 3348 uli
744 3297 869 3353 tendent
884 3297 936 3352 des
957 3297 1106 3353 exercioes
1122 3297 1262 3369 prepara-

179 3379 352 3436 sciebam...
368 3372 470 3440 Quant
485 3384 524 3422 au
539 3365 632 3421 detail
644 3368 695 3421 :in
744 3369 845 3432 loires,
871 3374 900 3423 ot
915 3384 975 3423 non
992 3368 1033 3423 du
1055 3368 1191 3424 discours
1207 3368 1262 3423 de-

180 3447 402 3510 tabernaculo,
418 3441 441 3496 il
458 3439 527 3494 n’en
548 3441 594 3493 est
608 3452 696 3510 ques·
741 3438 852 3497 venile
861 3439 943 3510 juge.
954 3439 1000 3495 De
1011 3439 1042 3494 li
1055 3455 1062 3496 ε
1074 3442 1113 3496 ab
1123 3444 1261 3510 utroque

179 3523 244 3579 tion
258 3517 426 3591 nullepert
444 3510 578 3566 ailleurs·
743 3514 879 3567 exclusi.
908 3511 991 3565 11,-1.
1005 3511 1061 3567 d.:
1092 3512 1123 3568 Si
1142 3528 1261 3567 arroune

214 3611 250 3667 2ss
274 3611 388 3664 Eidem
404 3596 697 3669 0i00r0m·‚11n’ya
744 3582 1165 3656 decesdeuxpriparations
1184 3582 1262 3638 n'est

178 3651 300 3756 plusde
327 3680 408 3735 texte
430 3672 467 3728 de
492 3670 619 3726 Ciceron
643 3668 697 3794 qui
743 3651 878 3727 possible
888 3670 896 3722 ;
910 3670 949 3710 ou
965 3669 1081 3738 comme
1096 3655 1200 3739 Quint.
1217 3653 1262 3737 dii

178 3755 331 3811 renferme
368 3749 444 3806 cette
471 3756 644 3798 recommon
668 3756 696 3794 a·
744 3725 814 3798 111118
829 3726 945 3809 hauns
960 3726 996 3781 2:
1020 3742 1049 3780 tt
1064 3729 1262 3809 ¹occidemin-

178 3827 254 3882 ιίοῃ,
745 3798 968 3880 numerabiles
999 3801 1157 3853 accidunt
1178 3799 1262 3852 subi·

214 3894 356 3958 Pondus,
381 3901 499 3945 comme
515 3882 586 3958 plus
608 3880 696 3946 haut,
745 3873 797 3924 lae
811 3872 1029 3924 necessitates.

178 3972 206 4038 1,
235 3968 311 4024 130:
340 3975 454 4017 rerum
478 3956 638 4024 pondera,
666 3951 698 4007 la
778 3951 983 4016 Deprensus:
1007 3947 1071 4021 pris
1091 3947 1110 4002 i
1132 3945 1264 4021 l’impro-

179 4017 696 4111 viguounlasotidilbdelapensie.
744 4020 832 4087 visto,
848 4035 927 4075 sans
951 4022 1040 4074 oerd.
1065 4018 1115 4074 Cf.
1133 4019 1160 4086 1,
1175 4019 1210 4073 41
1234 4022 1264 4074 ol

216 4112 403 4170 Innatans;
460 4100 493 4156 ui
518 4099 603 4153 flotte
623 4097 640 4150 i
665 4095 698 4150 la
743 4091 775 4146 la
790 4094 860 4147 note
877 4091 940 4147 ico
955 4094 1028 4147 mot.
1054 4089 1100 4144 Cf.
1118 4088 1190 4145 Suu.
1204 4092 1261 4159 Ep.

181 4183 310 4240 suriaco.
333 4175 380 4230 Cf.
406 4118 474 4238 Vll,
489 4172 516 4233 1,
541 4169 594 4223 44:
619 4168 698 4222 baec
744 4164 789 4226 11,
807 4164 842 4217 1;
862 4177 928 4217 non
945 4178 986 4217 ere
997 4166 1199 4230 praeparato
1216 4163 1264 4216 lo-

181 4257 271 4310 relut
286 4244 477 4305 innatantia
493 4241 659 4295 videbunt.
671 4237 698 4292 Il
744 4239 841 4290 culus
860 4239 918 4301 est,
937 4236 993 4290 sed
1008 4234 1112 4289 subito
1133 4233 1264 4300 depren-

181 4326 233 4398 n'y
262 4340 281 4378 a
303 4334 360 4395 pas
389 4315 522 4372 d'eutres
544 4308 698 4382 exemples
745 4321 814 4361 sus.
902 4377 908 4388 ¹
1203 4375 1209 4387 ο

181 4387 395 4464 decetemploi
409 4381 652 4457 metaphorique.
777 4376 823 4433 30.
859 4378 972 4447 Utique
995 4396 1026 4419 =
1042 4379 1263 4444 praesertim,
1329 4452 1334 4457 -
