2872 4966
645 290 765 356 -127
786 324 826 338 -

712 567 749 630 V.

227 782 406 847 Proximum
434 793 490 866 est,
518 793 553 849 ut
578 789 729 870 dicamus,
754 811 832 871 quae
856 794 1017 875 praecipue
1043 799 1203 862 scribenda

187 883 249 943 sint
263 883 319 952 ἕξιν
335 886 522 964 parantibus.
547 887 619 948 Nou
634 893 681 950 est
703 890 801 969 hujus
824 893 948 971 quidem
972 896 1083 974 operis,
1099 903 1134 958 ut
1151 918 1203 959 ex·
1243 900 1260 964 1

186 979 345 1058 plicemus,
360 1001 438 1062 quae
454 983 516 1043 sint
529 985 683 1064 materiae,
712 1005 790 1067 quae
814 990 912 1069 prima
924 998 978 1053 aut
995 995 1129 1056 secunda
1149 1003 1203 1058 aut

186 1079 328 1161 deinceps
343 1083 499 1144 tractanda
514 1085 576 1145 sint
589 1083 675 1165 (nam
690 1086 721 1147 id
735 1088 850 1149 factum
865 1089 988 1170 estjam
1002 1093 1198 1173 primolibro,

184 1197 244 1258 quo
258 1199 436 1259 puerorum,
453 1187 484 1242 et
498 1183 642 1262 secundo,
658 1203 718 1264 quo
728 1184 795 1265 jam
811 1188 1006 1251 robustorum
1021 1192 1130 1254 studiis
1153 1214 1200 1255 or-

184 1277 288 1338 dinem
302 1279 468 1359 dedimus),
479 1282 544 1361 sed,
559 1282 597 1342 de
611 1301 671 1362 quo
685 1302 768 1345 nunc
781 1286 892 1366 agitur,
909 1289 991 1350 unde
1005 1291 1090 1372 copia
1104 1312 1138 1354 ac
1157 1295 1201 1356 fa-

183 1375 282 1437 cilitas
296 1378 429 1439 maxime
445 1381 557 1456 veniat,

222 1510 346 1572 Vertere
372 1530 480 1590 graeca
495 1513 527 1574 in
554 1513 685 1576 latinum
710 1523 827 1578 veteres
842 1521 937 1581 nostri
966 1529 1099 1586 oratores
1123 1526 1199 1606 opti-

181 1627 269 1669 mum
280 1607 471 1687 judicabant.
488 1611 523 1671 Id
538 1631 570 1673 se
584 1613 618 1674 L.
636 1614 763 1676 Crassus
777 1615 810 1676 in
830 1617 890 1679 illis
904 1621 1058 1683 Ciceronis
1072 1623 1110 1684 de
1124 1625 1198 1686 Ora·
1238 1627 1259 1687 2

181 1714 245 1767 tore
258 1708 345 1768 libris
359 1709 431 1770 dicit
445 1711 617 1772 factitasse:
645 1712 676 1773 id
691 1713 794 1775 Cicero
819 1735 874 1778 sua
897 1718 962 1798 ipse
984 1740 1113 1800 persona
1140 1725 1197 1785 fre-

180 1807 379 1885 quentissime
393 1811 549 1890 praecipit,
565 1811 745 1890 quinetiam
768 1814 861 1877 libros
875 1817 1011 1880 Platonis
1029 1826 1120 1901 atque
1132 1824 1196 1885 Xe-

121 2076 123 2080 “
214 2075 242 2132 1.
262 2066 331 2138 ἕξιν.
347 2076 395 2134 Cf.
410 2076 435 2145 Ι,
451 2077 509 2135 161
518 2077 549 2134 la
559 2083 643 2137 note.
657 2111 693 2121 —
739 2078 790 2130 ³⁶12
804 2079 861 2158 eti·

181 2150 254 2205 Nou
291 2154 340 2205 est
375 2150 504 2218 trajam
526 2153 692 2208 correction
775 2148 882 2216 Copia.
898 2146 946 2203 cf.
961 2146 989 2216 1,
1004 2147 1041 2205 5:
1065 2165 1138 2220 opes
1158 2168 1255 2222 quae-

180 2219 217 2275 de
232 2219 365 2276 Bursian
392 2221 520 2295 adoptee
543 2239 600 2295 per
622 2228 692 2280 tous
739 2219 817 2273 dem
838 2221 1052 2302 parandae...
1083 2237 1140 2280 eae
1160 2239 1255 2281 cous-

178 2289 223 2346 les
238 2295 496 2349 commentateurs
519 2294 690 2351 modernas.
740 2293 814 2343 laet
829 2304 863 2345 00
886 2304 921 2345 ee
940 2307 1055 2348 rerum
1079 2309 1118 2351 ac
1143 2296 1255 2352 verbo-

178 2361 237 2417 Les
251 2363 414 2428 anciennes
426 2364 556 2420 editions
566 2367 691 2423 avaient
738 2376 825 2444 rum·
841 2305 972 2433 IipS'agit
986 2363 1026 2419 ici
1039 2369 1161 2423 surtout
1175 2367 1212 2424 de
1222 2367 1254 2424 la

179 2433 235 2489 tire
250 2433 387 2502 desMs.,
409 2436 692 2511 fortcorrompust
737 2446 830 2499 copta
846 2433 1028 2490 verborum.
1059 2507 1065 2519 .
1112 2509 1118 2522 ⁸

178 2507 225 2560 cet
239 2506 376 2562 endroit:
392 2509 459 2563 Hoc
478 2509 690 2566 eauberautis
772 2502 800 2558 2·
816 2503 861 2559 De
884 2511 1014 2590 ereiere
1034 2507 1145 2590 lebret·
1159 2508 1183 2593 i.
1204 2510 1251 2580 34,

177 2576 370 2646 sicquidem
394 2581 522 2646 operm,-
537 2595 595 2636 ou:
621 2583 691 2650 qui·
737 2574 808 2631 155:
824 2577 941 2632 Postea
958 2578 1041 2633 mebi
1053 2580 1183 2647 placuit
1199 2597 1254 2638 eo-

178 2649 252 2703 dem
266 2652 313 2703 est
329 2651 438 2716 operis.
737 2661 798 2715 que
813 2661 888 2702 sum
904 2663 984 2704 usus
998 2652 1202 2720 adulescens,
1215 2659 1253 2709 ut

212 2721 325 2775 Primo
335 2721 415 2776 libro
426 2719 589 2793 :Auchap
603 2720 631 2785 9,
647 2723 687 2778 ou
736 2731 942 2775 summorum
968 2726 1138 2778 oratorum
1154 2725 1252 2781 Grae-

177 2787 271 2855 Quint
310 2791 430 2847 resume
478 2792 687 2850 brievement:
736 2803 791 2844 cas
831 2791 998 2847 orationes
1038 2795 1249 2862 eapttcarem.

176 2864 340 2930 quaedam
356 2865 488 2919 dicendi
494 2865 688 2932 primordia,
737 2861 857 2921 Quibus
871 2863 962 2918 lectis
977 2863 1035 2918 boc
1047 2866 1252 2936 adsequebar

176 2934 294 3002 quibus
309 2938 432 2990 aetates
445 2938 593 2991 noudum
613 2936 689 2992 rte·
737 2935 784 2998 ut,
816 2947 890 2989 cum
926 2948 1076 3017 eaquae
1106 2939 1250 3007 teaeram

177 3008 279 3060 torem
306 3006 471 3075 capientes
491 3007 687 3063 iustituaat.
737 3004 868 3072 Graece,
909 3006 1028 3067 Latine
1066 3010 1249 3080 redderem,

175 3078 392 3133 -Seouadm
413 3093 476 3133 aux
497 3077 586 3150 chap.
616 3078 689 3135 tet
737 3089 802 3130 uou
838 3077 945 3132 solum
972 3079 1104 3146 optimis
1141 3083 1249 3138 uerbis

174 3147 220 3215 10,
240 3149 281 3203 ou
301 3147 321 3204 il
345 3147 436 3205 traite
458 3149 512 3204 des
539 3149 688 3207 exercicee
736 3150 890 3228 attereret
906 3151 1017 3231 temen
1031 3151 1178 3219 usitatis,
1194 3156 1250 3209 sed

174 3217 417 3276 intermedieiree
431 3224 516 3276 entre
528 3219 559 3276 la
582 3236 688 3292 gram·
734 3221 837 3272 ettam
851 3232 1070 3287 eupremerem
1084 3225 1250 3290 quaedam

174 3289 270 3346 maire
284 3292 314 3345 et
328 3289 359 3346 la
373 3290 548 3363 rhetorique
558 3308 687 3375 propre-
734 3289 838 3373 verba·
855 3291 1031 3356 imitando,
1056 3307 1140 3362 uuae
1164 3311 1249 3353 uoaa

174 3363 260 3415 ment
271 3359 332 3416 dite
341 3376 352 3431 3
375 3363 445 3434 puis
461 3362 515 3418 des
532 3377 686 3420 excresces
734 3364 855 3442 uestras
870 3364 988 3431 esseut,
1004 3364 1180 3422 dummodo
1196 3383 1248 3424 es-v

174 3430 416 3489 declamatoires.
732 3435 803 3486 seut
817 3432 947 3515 sabaea.

208 3505 436 3560 Robustorum.
463 3504 512 3561 cf,
543 3506 580 3572 1,
607 3503 683 3562 131:
769 3504 836 3558 Sua
872 3518 940 3572 epse
964 3518 1129 3573 persona:
1160 3524 1249 3578 pour

173 3575 314 3631 robustis
341 3580 372 3631 et
390 3577 546 3632 seueriore
570 3591 685 3646 aeaeae
732 3587 790 3629 sou
801 3588 920 3643 propre
929 3581 1061 3646 compte,
1073 3580 1104 3635 ct
1118 3595 1179 3636 non
1191 3597 1248 3656 pas

172 3646 418 3720 satisfirmatis,
432 3647 555 3714 61112,
570 3648 685 3703 unu-
732 3644 902 3702 seulement
928 3663 985 3719 par
1005 3647 1038 3703 la
1059 3648 1179 3708 houche
1206 3652 1245 3708 de

172 3718 317 3789 firmitas
339 3732 360 3774 a
385 3720 619 3789 robustioribus
633 3734 686 3775 se·
732 3714 864 3790 quelque
898 3732 1090 3791 personnage
1127 3722 1244 3781 celebre

168 3791 326 3858 paranda
350 3794 419 3859 est:
443 3791 474 3844 It
498 3790 575 3860 faut
597 3790 685 3853 (dans
732 3803 848 3844 comme
871 3787 1011 3846 Crassus.
1027 3791 1055 3847 Il
1075 3791 1164 3862 n'ya
1208 3811 1243 3873 ae

172 3875 233 3916 une
246 3859 338 3930 eccle)
358 3863 493 3931 separer
517 3863 562 3918 tes
581 3863 684 3932 petits
732 3859 769 3914 de
783 3875 912 3933 passage
927 3861 1005 3918 dans
1021 3862 1148 3921 Ciceron
1161 3811 1245 3924 oriae

172 3933 230 3995 des
244 3934 380 4002 arauris.
732 3934 892 3989 rencontre
916 3931 948 3987 la
972 3934 1110 4005 formella
1132 3952 1245 3994 recom-

208 4005 280 4058 161.
300 4003 382 4060 Aveo
396 4003 503 4078 ellipse
525 4003 563 4061 de
584 4006 685 4074 eapti·
733 4003 914 4060 mandation
964 4005 1040 4062 dont
1081 4007 1166 4079 parle
1205 4009 1246 4067 ici

173 4076 317 4130 caucium
333 4081 391 4132 est.
404 4079 494 4132 -De
518 4091 580 4147 quo
599 4092 685 4133 auue
732 4075 837 4141 Quint.
851 4076 931 4131 mais
956 4075 979 4131 il
1001 4076 1109 4135 insiste
1134 4096 1187 4137 sur
1200 4080 1246 4138 les

172 4147 305 4214 abitur:
322 4162 355 4202 ce
367 4148 421 4230 qui
434 4151 481 4204 est
494 4147 599 4220 l'objet
612 4163 686 4220 pre·
732 4149 900 4218 avantages
923 4147 960 4204 (16
983 4147 1095 4206 l'etude
1109 4149 1152 4206 du
1174 4167 1246 4225 grec

171 4231 225 4288 pre
240 4215 282 4272 du
300 4217 343 4273 li⁰
363 4217 450 4275 livre.
466 4218 513 4277 Cf.
529 4221 556 4289 1,
573 4219 589 4276 1
606 4219 683 4277 et9:
732 4233 770 4274 en
801 4217 935 4291 general,
957 4235 997 4275 eu
1021 4219 1117 4276 debut
1136 4221 1179 4280 du
1205 4225 1245 4283 de

172 4288 263 4344 uobis
288 4294 438 4346 uestrum
453 4305 533 4360 opus
556 4292 682 4348 intueri
733 4289 857 4362 Officiis
871 4292 901 4346 et
913 4290 955 4346 du
970 4292 1009 4346 ete
1024 4291 1172 4351 Finibus.

1225 4506 1340 4644 Δ.
