2872 4966
687 284 846 351 ..92-

225 430 419 494 19511333
471 436 516 495 Ex
551 434 701 495 industria
739 434 967 495 Senecam
1008 433 1039 493 in
1079 434 1163 494 omni
1190 453 1302 512 genere

302 531 489 609 eloquentiae
512 531 615 592 distuli
635 539 757 612 propter
779 533 932 609 vulgatam
953 533 1027 593 salso
1049 532 1086 591 de
1111 550 1160 593 me
1180 534 1301 612 opinio-

303 648 386 704 nem,
411 649 471 708 qua
492 630 637 691 damnare
658 650 729 690 eum
750 636 781 690 et
805 631 938 690 invisum
957 649 1077 709 quoque
1099 630 1212 691 habere
1231 651 1301 692 sum

304 728 448 787 creditne.
470 729 556 800 Quod
575 729 684 789 accidit
705 730 793 806 mihi,
815 730 889 789 dum
908 734 1086 807 corruptum
1111 734 1140 788 et
1156 730 1300 790 omnibus

300 827 381 886 vitiis
400 828 531 887 fractum
550 828 671 888 dicendi
692 847 788 905 genus
811 846 951 888 revocare
965 827 1003 888 ad
1024 828 1172 889 severiora
1184 828 1301 907 judicia

300 929 468 988 contendo:
485 934 551 988 tum
565 933 669 988 autem
684 929 765 989 solus
778 929 828 989 hic
844 930 907 988 fere
922 928 954 987 in
969 927 1111 988 manilius
1124 929 1301 989 adulescen-

221 1023 282 1085 tro
303 1027 380 1085 tium
400 1027 469 1086 luit.
487 1026 584 1098 Quem
602 1045 664 1085 non
682 1027 823 1104 equidem
848 1026 971 1086 omnino
994 1026 1126 1089 conabar
1144 1034 1298 1107 excutere,

304 1124 356 1183 sed
371 1123 536 1202 potioribus
551 1125 696 1202 praeferri
712 1144 772 1184 non
793 1124 941 1202 sinebam,
958 1143 1033 1203 quos
1053 1125 1104 1184 ille
1124 1145 1185 1185 non
1203 1126 1298 1186 desti-

302 1226 380 1282 terat
401 1222 563 1297 incessere,
584 1240 655 1281 cum
678 1222 788 1282 diversi
811 1223 868 1282 sibi
887 1223 1026 1282 conscius
1045 1223 1165 1299 generis
1180 1224 1298 1303 placere

258 1392 318 1448 125.
337 1394 492 1447 Senecam
502 1390 549 1464 (L.
566 1394 733 1459 Annaeus,
784 1393 910 1462 tinpere
921 1394 1052 1447 nuttam
1064 1396 1213 1461 pretinm
1229 1411 1296 1464 ope-

222 1464 336 1521 2365
359 1465 449 1535 apres
471 1463 498 1519 J.
521 1462 579 1532 (1.).
600 1464 682 1518 Ρο33
703 1463 735 1518 13
782 1479 839 1519 rae
881 1466 960 1520 sii...
1003 1467 1193 1521 Sententiae
1235 1472 1296 1522 ant

220 1535 410 1607 biographie,
433 1550 462 1588 v.
495 1534 594 1590 Taua.
623 1535 676 1590 287
704 1539 734 1590 31
782 1537 892 1604 inepto
928 1536 1090 1605 inanique
1131 1538 1293 1605 impetn...

223 1608 301 1663 suiv.
320 1608 401 1661 Pour
421 1605 650 1678 l'appreciation
672 1622 734 1661 mo·
781 1611 842 1661 ant
859 1609 921 1662 tevi
943 1612 972 1662 31
998 1609 1094 1676 qnasi
1118 1608 1223 1664 dicaci
1244 1625 1296 1664 an

221 1679 295 1741 3313,
322 1677 468 1732 1111333133
490 1680 521 1732 31
539 1676 734 1749 philosophi·
780 1678 1294 1750 antiaetc...EtFronton:Neqne

221 1766 290 1824 que,
307 1747 731 1813 Mne'an‚Lesrnoraiistes
781 1751 895 1818 ianoro
928 1749 1088 1818 copiosam
1117 1753 1294 1807 sententiis

222 1821 628 1887 sonct’ernpireliomain,
672 1820 733 1876 ‚20
786 1827 816 1875 ei
850 1823 1093 1876 redundantem
1127 1823 1293 1878 hominene

221 1898 251 1949 ei
263 1891 341 1948 suiv.
353 1923 389 1931 —
405 1891 616 1959 Banunnaur,
638 1837 689 1946 dil
704 1895 733 1947 et
781 1907 859 1958 esse,
884 1908 999 1947 carnin
1023 1895 1204 1948 sententias
1222 1897 1294 1962 ejas

221 1965 299 2020 suiv.
782 1966 941 2019 tolutares
967 1963 1032 2035 (qui
1058 1967 1134 2020 voni
1157 1981 1197 2019 33
1219 1967 1292 2037 troi)

255 2037 296 2089 In
312 2035 398 2089 omni
408 2032 731 2106 penereExpression
780 2035 880 2100 videa,
897 2040 1033 2104 quatere
1045 2050 1198 2103 campum
1215 2053 1294 2107 qna-

221 2107 369 2162 inexacie.
407 2104 511 2170 Quint.
545 2111 619 2160 veut
647 2105 729 2160 dire:
780 2107 915 2173 ctripecio
944 2107 1068 2162 concito
1103 2122 1215 2174 33333,
1247 2113 1294 2162 13-

223 2200 233 2227 ι
251 2178 329 2233 dans
346 2179 423 2232 cette
443 2191 533 2231 revue
549 2176 585 2230 de
601 2181 670 2231 tous
687 2176 731 2232 les
780 2193 857 2232 nere
869 2192 1205 2247 nneqnain,pnpnare
1217 2196 1293 2235 nas-

164 2304 170 2316 ,
220 2264 328 2321 genres
357 2248 408 2319 qui
430 2247 576 2302 touchant
601 2248 619 2302 3
645 2247 732 2303 l’e'lo-
779 2263 913 2318 quani...
933 2249 1072 2304 dicteria
1088 2251 1293 2318 potinsenrn

219 2336 345 2461 puence.
364 2319 536 2374 »L'ediiion
550 2318 586 2374 de
597 2318 731 2390 Cologne
777 2335 878 2444 paam
903 2321 993 2376 dicta
1027 2323 1202 2376 continere.
1236 2321 1287 2378 Cf.

234 2392 312 2462 1527)
352 2389 524 2446 intercalati
562 2395 730 2446 versatam
799 2391 1006 2447 introduction
1042 2407 1081 2446 au
1117 2395 1226 2449 Tacite
1256 2393 1293 2449 de

219 2462 438 2535 drapporiera
452 2464 619 2527 Senecam,
635 2477 667 2517 ce
677 2463 730 2534 qui
778 2462 963 2535 Nipperdey,
979 2479 1010 2534 p.
1024 2462 1059 2519 38
1073 2466 1103 2518 et
1118 2464 1198 2519 suiv.

218 2536 320 2590 donne
335 2549 377 2588 un
393 2548 462 2587 sens
477 2531 639 2603 analogue.
813 2536 892 2588 Sam
906 2535 1062 2589 creditne.
1072 2534 1154 2590 Pour
1164 2533 1193 2589 la
1206 2550 1292 2591 cons-

255 2605 456 2673 Opinionem.
472 2603 730 2668 Quintveutrea·
777 2605 920 2668 truction,
937 2604 975 2660 cf.
997 2607 1023 2668 1,
1039 2605 1075 2660 48
1085 2621 1094 2674 3
1110 2609 1139 2660 31
1152 2606 1223 2678 plus
1233 2608 1291 2662 bas

218 2676 264 2748 gir
277 2680 380 2731 contre
394 2675 422 2730 le
441 2675 581 2729 mauvais
600 2680 675 2746 gotti
689 2676 729 2730 du
776 2676 804 2744 4,
819 2678 847 2731 1.
942 2712 949 2726 .

218 2747 317 2809 siecle,
346 2761 486 2802 ramener
514 2745 728 2802 al'imiiation
816 2751 896 2802 ann
920 2752 1042 2803 antem.
1067 2748 1182 2813 Tacite,
1208 2748 1286 2804 dans

220 2820 256 2875 de
282 2819 408 2874 Ciceron
438 2821 469 2872 31
498 2817 535 2872 (13
567 2818 729 2874 Tite-Live
776 2818 1291 2891 33313331313313133333311333

218 2890 361 2945 detacher
391 2888 422 2944 13
439 2889 579 2960 jeunesse
595 2889 648 2944 des
668 2905 730 2944 mo·
776 2891 880 2962 333133
894 2890 1060 2957 differente,
1081 2891 1225 2946 confirma
1245 2891 1291 2947 les

218 2961 299 3017 deles
324 2962 510 3032 dangereux,
537 2962 637 3032 parmi
667 2960 730 3015 les·
775 2961 896 3086 paroles
912 2962 948 3016 de
961 2961 1067 3026 Quint.
1084 2962 1181 3017 33313
1195 2977 1291 3034 popu-

219 3033 305 3106 quels
334 3032 470 3103 Seneque
498 3032 575 3087 11331
605 3032 636 3086 13
659 3048 730 3104 pre·
788 3033 864 3087 333113
896 3032 1041 3088 1111333133
1070 3033 1107 3087 de
1133 3032 1288 3105 Senaque:

219 3105 312 3159 miere
363 3103 437 3158 1333.
463 3103 545 3158 Ρο33
573 3104 728 3175 apprecier
776 3105 1172 3172 Fuitiitieiroinpeninnc
1184 3119 1289 3160 amoe-

216 3175 247 3231 13
282 3191 332 3230 mo
355 3176 471 3230 tration
502 3175 543 3229 du
572 3174 730 3245 jugement
776 3177 1289 3245 nnmettemporisejnsanribne

217 3247 269 3320 qui
284 3263 324 3303 va
336 3247 448 3313 suivre,
463 3245 485 3300 il
501 3245 637 3302 13311133
653 3262 730 3301 ceux
777 3246 1287 3315 accommodatam.nnn.xssl,3.

216 3318 307 3390 qu'au
326 3318 415 3374 siecle
431 3317 555 3372 suivant
575 3318 729 3373 rendirent
810 3318 872 3373 126.
888 3321 1047 3373 Eacaiere
1060 3335 1071 3382 ,·
1084 3317 1286 3376 dest-adire:

214 3388 728 3461 1133313333).1253111333113333,
776 3405 791 3444 3
808 3391 960 3444 inanibus
975 3391 1251 3446 adulescentium.

215 3460 285 3528 XII,
309 3461 386 3525 31,
413 3461 530 3516 severes
557 3465 626 3515 tous
649 3461 730 3516 deux
811 3463 979 3521 incessere.
1012 3460 1191 3515 Auluiielle
1218 3460 1287 3530 (133.

213 3531 336 3604 jusqu'a
375 3530 546 3602 l'injustice.
589 3531 729 3602 Caligula
775 3531 838 3602 cit.)
864 3531 980 3603 signala
999 3548 1073 3588 avec
1091 3531 1287 3602 indignation

215 3603 727 3673 (13]33331131113133331333331331
775 3602 828 3658 des
863 3603 1038 3674 jugements
1075 3603 1288 3659 deleverables

215 3675 413 3747 pittoresque,
432 3677 461 3728 ei
485 3689 546 3728 non
571 3689 643 3728 sans
659 3675 730 3746 jus·
775 3677 944 3746 prononces
960 3691 1015 3746 par
1037 3675 1172 3746 seneque
1192 3691 1245 3730 sur
1259 3674 1288 3730 le

216 3755 305 3812 iesse,
336 3760 394 3817 qua
418 3744 446 3800 le
470 3745 606 3800 discours
622 3747 659 3800 de
678 3745 728 3801 Se·
775 3749 894 3818 compte
910 3747 1071 3809 d'Ennius,
1095 3746 1131 3800 de
1148 3745 1287 3814 Ciceron,

214 3820 314 3888 neque
356 3816 459 3871 etaii:
504 3831 610 3872 arena
661 3818 729 3872 sine
775 3816 812 3872 de
840 3817 962 3888 Virgile,
975 3834 1014 3872 au
1029 3817 1103 3872 livre
1120 3816 1216 3884 XXII,
1238 3832 1289 3872 au·

215 3891 301 3945 calce
332 3903 392 3942 une
428 3886 531 3959 plaine
572 3903 644 3942 sans
665 3888 727 3957 fin;
771 3888 927 3959 J'ourd’hui
973 3887 1058 3952 ardu,
1080 3888 1132 3943 des
1148 3887 1289 3944 13113333

215 3960 737 4023 commissionesnierae,unamas.
775 3959 923 4014 Lucilius.
970 3974 1026 4012 ans
1041 3957 1289 4030 111311183ηὸ-

215 4029 608 4086 dedeclemationscreuses
621 4031 727 4101 (8333.
775 4047 833 4102 que
849 4029 910 4084 s'en
926 4029 1023 4101 prend
1038 4031 1056 4082 a
1074 4029 1207 4086 Salluste
1222 4037 1252 4085 ei
1270 4032 1289 4086 a

214 4100 444 4169 0315310133
465 4104 545 4156 Aur..
561 4101 637 4170 (133.
656 4103 726 4171 (133.
775 4117 822 4157 333
842 4101 1026 4156 imitaieurs.
1046 4100 1189 4166 83313333,
1208 4104 1286 4158 Ner.

216 4175 291 4240 citi:
314 4175 439 4244 partina
462 4173 652 4227 existimant
680 4174 728 4242 (de
773 4171 1288 4240 5133333113333331113333313·

215 4245 340 4315 Seneca)
363 4250 400 4299 nt
424 4246 462 4299 eie
486 4247 641 4312 scriptore
667 4247 727 4299 nii-
774 4247 1030 4298 memoratorum
1050 4245 1169 4298 Seneca
1187 4258 1289 4311 prae-

214 4317 303 4372 nime
328 4317 418 4384 aiiii,
443 4318 538 4386 cnjns
562 4315 657 4371 libros
677 4311 725 4372 ai·
773 4319 965 4382 captonaco
980 4314 1110 4369 diutins
1126 4316 1162 4369 in
1178 4317 1289 4372 adini-
