2872 4966
670 354 850 417 ..134-

255 527 258 533 ·
288 515 395 589 potest.
418 513 496 570 Tum
511 510 567 569 loci
590 527 779 585 communeS,
806 526 881 586 quos
896 507 987 567 etiam
1011 507 1138 587 scriptos
1157 507 1196 569 ab
1209 515 1311 570 orato·

289 608 373 668 ribus
389 611 513 668 scimus.
530 607 669 685 Numqui
684 608 758 666 haec
779 611 860 666 recta
873 611 993 666 tantum
1010 612 1040 665 et
1054 606 1086 665 in
1099 607 1198 666 nullos
1209 608 1311 668 flexus

290 707 460 766 recedentia
475 707 591 784 copiose
603 706 784 782 tractaverit,
801 705 906 782 utique
922 704 955 763 in
970 705 1028 762 illis
1044 705 1146 782 plures
1159 724 1311 766 excursus

290 804 505 883 recipientibus
525 805 621 880 magis
640 803 808 878 abundabit
821 803 939 882 eritque
959 803 991 861 in
1006 822 1112 862 ornnes
1132 822 1239 863 causas
1260 824 1312 883 pa-

230 902 270 963 13
292 908 375 961 ratus
391 921 511 960 :omnes
526 902 608 959 enim
622 900 813 976 generalibus
824 900 1052 978 quaestionibus
1067 908 1216 961 constant.
1229 903 1311 962 Nam

293 1000 365 1077 quid
380 1000 506 1058 interest
522 1019 537 1057 «
554 999 711 1058 Cornelius
733 998 875 1057 tribunus
891 998 998 1077 plebis,
1021 999 1101 1076 quod
1117 999 1251 1059 codicem
1267 1000 1313 1060 le-

294 1099 381 1175 gerit,
399 1104 518 1158 rectene
533 1117 603 1156 reus
619 1098 657 1155 sit
679 1119 707 1175 r,
740 1116 944 1176 quaeramus3
966 1116 1006 1156 an
1023 1116 1040 1156 «
1061 1099 1227 1157 violeturne
1246 1118 1313 1159 ma-

290 1198 396 1274 jestas,
407 1197 431 1255 si
440 1196 633 1271 magistratus
645 1196 827 1273 rogationem
837 1214 924 1254 suam
933 1196 1041 1274 populo
1052 1196 1116 1275 ipse
1126 1195 1281 1256 recitarit‘.l
1294 1218 1310 1256 >r

298 1316 312 1354 r<
330 1296 401 1354 Milo
424 1295 563 1354 Clodium
577 1300 697 1354 rectene
719 1294 860 1353 occiderit
879 1313 893 1356 r
912 1294 1010 1354 veniat
1041 1295 1073 1353 in
1086 1294 1254 1372 judicium3
1270 1314 1312 1356 au

272 1447 347 1501 Loci
380 1460 577 1500 eoninrunes.
614 1444 684 1499 Cic„
709 1447 748 1500 cle

238 1522 316 1573 orat.
331 1517 443 1580 ittet,
454 1517 526 1570 too:
543 1518 600 1570 Illi
619 1519 676 1570 loci
693 1518 747 1584 qui

237 1603 440 1659 quartiquaru
470 1589 598 1657 proprii
629 1603 750 1642 eausa-

238 1676 312 1714 runr
326 1664 356 1713 et
366 1661 575 1713 tultaereutes
587 1659 621 1712 in
633 1674 750 1713 aarum

239 1732 350 1786 iternis
380 1746 446 1785 esse
475 1732 601 1796 debent,
639 1735 750 1784 tannen

239 1805 319 1872 prtia
335 1803 373 1856 (le
384 1803 541 1855 uniuersa
557 1818 592 1856 rc
609 1802 751 1856 tractari

214 1897 216 1901 ¹
239 1876 354 1937 solent,
377 1888 564 1927 communes
586 1888 606 1926 a
631 1873 753 1927 ueteri-

240 1949 297 2000 bus
311 1946 540 1999 nominantur.
557 1943 661 2009 Quint.
679 1959 716 1999 en
735 1960 753 1998 a

241 2017 340 2083 truite,
363 2015 403 2081 II,
428 2016 456 2082 t,
475 2015 536 2070 22:
561 2017 752 2070 Communes

243 2089 336 2148 loci.u
353 2088 470 2154 quibus
492 2087 579 2141 citra
595 2101 753 2154 personas

242 2161 279 2214 in
294 2159 366 2226 ipsu
381 2160 465 2212 vitia
489 2160 588 2213 neoris
605 2162 652 2213 est
663 2173 754 2227 pero-

242 2245 329 2296 rare,
344 2233 381 2283 ut
396 2230 432 2283 in
448 2231 649 2296 adulterum,
667 2231 754 2285 alea-

244 2308 355 2368 torem,
375 2303 594 2368 petulantem.

279 2401 393 2458 Quos...
418 2399 551 2452 scincus.
574 2397 614 2452 II.
642 2399 668 2461 1,
696 2399 753 2454 11:

245 2469 436 2525 Continuues
448 2469 519 2534 loci,
530 2470 598 2524 sive
608 2471 666 2537 qui
677 2474 756 2525 sunt

246 2543 282 2595 in
298 2541 381 2594 uitia
398 2541 527 2605 directi,
547 2543 661 2608 quales
680 2542 755 2610 lepi-

246 2628 320 2666 ruus
345 2625 366 2665 a
388 2611 539 2666 Cicerone
555 2612 754 2679 compositos,

244 2699 301 2738 seu
314 2683 430 2752 quibus
443 2684 650 2751 quaestiones
664 2699 757 2752 pene·

246 2754 365 2810 raltter
403 2758 604 2820 tractantur,
645 2757 756 2824 quales

246 2830 326 2881 sunt
340 2826 422 2879 editi
441 2840 462 2880 a
478 2827 509 2884 a.
532 2840 656 2895 quoque
671 2829 757 2880 Hor-

249 2897 359 2963 tensia,
371 2900 429 2950 ut:
457 2917 467 2944 ι
480 2898 572 2951 Sitne
581 2899 695 2965 paruis
706 2912 758 2953 ar-

245 2968 413 3037 puntentis
455 2967 679 3023 credendum?
727 2974 758 3024 et

249 3061 259 3088 a
277 3054 338 3107 pro
355 3039 489 3093 testibus
504 3040 584 3093 etin
602 3044 707 3095 testes.
726 3063 736 3089 i

280 3139 389 3191 Haec:
426 3138 496 3191 tous
527 3135 571 3191 les
608 3138 757 3194 exerciees

246 3208 404 3264 enumeres
433 3208 687 3280 precedemment.
723 3242 758 3249 -

246 3283 378 3335 Recta...
408 3281 616 3334 recedentia:
654 3281 690 3335 de
727 3281 758 3336 la

247 3351 381 3405 mamere
397 3350 427 3405 la
442 3350 511 3423 plus
521 3350 672 3421 generale,
685 3368 758 3407 sans

247 3422 434 3493 application
458 3421 570 3477 directe
593 3423 678 3476 adas
693 3440 757 3495 per-

246 3509 357 3548 sonues
372 3510 411 3548 ou
432 3495 450 3547 a
465 3493 518 3548 des
536 3494 758 3550 circonstanees

247 3564 478 3619 determinees:
524 3566 614 3619 Citra
671 3581 759 3621 cont-

241 3638 380 3704 pleaunt
396 3651 510 3691 rerunt
525 3651 758 3704 personarunt-

246 3723 307 3776 que
322 3706 372 3778 (ΙΙ,
388 3707 442 3774 aa
457 3712 486 3761 et
505 3706 562 3777 lt).

281 3797 399 3849 Plures
418 3810 577 3850 eacursus
602 3798 700 3864 recip.
725 3819 759 3846 ε·-

248 3866 449 3937 susceptibles
469 3866 701 3938 d'applicatious
716 3869 758 3922 ‹li-

248 3953 361 4005 verses,
377 3938 498 3992 variant
514 3937 638 3992 suivant
651 3939 694 3993 les
705 3941 758 3994 eir-

251 4012 430 4090 constamnes
452 4011 481 4063 et
497 4008 541 4064 les
553 4025 759 4082 personnages

250 4096 308 4134 mis
323 4096 360 4135 en
375 4096 475 4135 cause.

284 4154 325 4206 In
338 4167 448 4207 ornnes
468 4166 586 4207 causas
605 4155 756 4217 paratus.

248 4223 292 4278 La
321 4227 418 4278 meme
452 4223 660 4278 construction
687 4223 757 4278 eber

246 4295 322 4349 Tac.
337 4296 423 4350 Dial.
447 4298 502 4350 des
522 4299 605 4349 orat.
622 4295 665 4348 ll.
690 4295 759 4349 Ail-

244 4365 327 4422 leurs
357 4367 434 4440 (3‹l):
461 4369 554 4422 Solus
586 4367 702 4422 statim
728 4371 758 4422 et

796 1459 885 1498 unus
901 1446 1095 1513 atticumque
1110 1459 1229 1499 causae
1240 1461 1308 1516 par

797 1521 880 1570 erat.

833 1586 876 1640 13.
892 1587 1107 1641 Generalibus
1122 1589 1167 1641 est
1189 1587 1315 1642 absolu·

798 1662 883 1711 ment
893 1658 924 1711 la
939 1661 1036 1713 meme
1059 1658 1149 1713 chose
1164 1674 1222 1728 que
1240 1660 1314 1730 infi-

799 1731 890 1783 nitae
906 1729 977 1800 plus
992 1729 1080 1784 haut.
1102 1729 1147 1784 ct.
1165 1729 1219 1792 ΙΙΙ,
1234 1731 1262 1797 5,
1273 1732 1311 1787 s:

798 1803 868 1855 Hae
892 1806 1015 1867 autent,
1045 1815 1127 1870 quas
1160 1801 1315 1872 infinitas

799 1886 883 1935 uoco,
900 1876 931 1926 et
950 1874 1120 1941 penerales
1139 1875 1315 1941 appellan-

802 1948 879 2008 tur,·
895 1946 977 2014 quod
992 1943 1022 1998 si
1037 1948 1085 1999 est
1099 1959 1224 2013 uerum,
1238 1946 1316 2017 fini-

802 2018 853 2068 tae
868 2015 1026 2082 speciales
1042 2019 1153 2070 erunt.

836 2087 1015 2140 Cornelius.
1043 2085 1184 2142 Allusion
1213 2084 1316 2139 aune

801 2172 892 2212 cause
914 2157 1040 2224 celebre,
1063 2157 1132 2229 deja
1160 2156 1235 2212 citee
1258 2171 1316 2227 par

802 2227 905 2294 Quint.
922 2228 973 2296 IV,
986 2229 1013 2293 t,
1033 2229 1064 2285 8.
1084 2229 1126 2284 Le
1147 2228 1254 2283 tribuu
1273 2226 1316 2281 du

801 2298 921 2372 ponpis,
953 2299 988 2354 C.
1023 2299 1191 2363 cornelius,
1226 2298 1339 2353 avait·

802 2371 942 2442 propone,
958 2387 993 2426 en
1005 2370 1040 2425 67
1056 2370 1140 2427 aul,
1156 2371 1202 2434 (1.,
1218 2385 1277 2441 que
1287 2369 1315 2424 le

802 2441 912 2514 peuple
937 2441 1003 2497 saul
1025 2445 1082 2515 put
1106 2442 1199 2497 delier
1218 2457 1262 2496 uu
1277 2441 1316 2495 ci-

804 2512 1316 2587 toyendel'obligationd'observer
1374 2561 1376 2564 .

803 2600 864 2640 une
892 2583 943 2640 loi.
971 2585 1014 2640 Lo
1040 2586 1120 2657 parti
1144 2585 1185 2640 du
1209 2584 1315 2649 senat,

803 2655 914 2711 hostile
934 2656 952 2710 tl
969 2657 1139 2724 Corneliae,
1164 2656 1265 2712 obtint
1279 2655 1316 2709 de

804 2742 860 2782 son
876 2727 1012 2798 collegae
1031 2730 1065 2783 Ρ.
1088 2727 1234 2784 Servilius
1247 2726 1316 2783 Glo-

803 2798 906 2866 buluS,
930 2798 1004 2870 qu'il
1023 2799 1224 2926 s'opposerait
1239 2797 1316 2854 dans

803 2869 992 2925 l'assemblee
1020 2873 1036 2926 a
1078 2888 1096 2926 a
1131 2870 1245 2926 lecture
1279 2868 1316 2924 da

804 2945 881 2997 cette
902 2943 1103 3013 proposition,
1127 2941 1243 2998 lecture
1263 2942 1317 3012 qui

805 3012 908 3069 devait
916 3017 978 3068 etre
989 3014 1073 3077 faite,
1084 3013 1208 3069 suivant
1223 3012 1253 3066 la
1262 3011 1315 3075 lei,

804 3100 860 3156 par
884 3084 914 3138 la
926 3085 1044 3141 boucha
1066 3085 1107 3139 du
1128 3085 1248 3139 beraut.
1275 3085 1317 3138 Ge

805 3155 1318 3227 derniern'osantpasseroutrede-

804 3229 880 3281 vant
899 3231 975 3282 cette
998 3228 1197 3283 intereassion
1208 3226 1317 3296 legale,

804 3298 963 3353 Cornelius
978 3299 1019 3354 lui
1035 3299 1162 3354 arracba
1174 3299 1204 3352 la
1214 3297 1318 3353 fauilla

806 3369 1031 3440 (codicemldes
1047 3371 1147 3425 mains
1163 3374 1192 3425 et
1206 3368 1318 3424 lutlui-

804 3444 901 3495 meme
918 3455 973 3495 son
988 3443 1093 3514 projet.
1109 3441 1226 3496 Accuse
1241 3456 1319 3511 pour

805 3527 837 3566 ce
851 3512 907 3566 fait
921 3513 957 3567 de
976 3513 1176 3584 lese-majesta
1191 3515 1319 3580 (majes-

806 3586 1124 3656 instrepuerunt),
1152 3582 1174 3638 il
1199 3583 1246 3638 fut
1270 3583 1318 3637 de·

805 3654 1178 3728 fendubrillammentpar
1193 3654 1319 3709 Ciceron

805 3725 882 3779 dans
898 3743 939 3780 uu
955 3727 1114 3799 plaidoyer
1124 3725 1320 3796 aujourd'hui

805 3797 952 3868 perdutV.
969 3799 1005 3853 in
1025 3801 1094 3854 Vat.
1109 3798 1149 3865 ΙΙ,
1160 3798 1217 3865 16),
1232 3799 1261 3851 et
1274 3812 1320 3851 ac-

806 3869 956 3938 quiliu-
972 3871 1055 3925 Avec
1079 3870 1213 3934 Meister,
1239 3883 1319 3922 nous

805 3938 1320 4084 tttllttlttiltlttttttttt

805 4083 897 4137 Halm
909 4099 917 4152 3
938 4099 1014 4139 nous
1037 4083 1223 4139 intercalaris
1248 4097 1320 4137 rec-

807 4158 878 4208 tene
895 4155 944 4223 (cf.
962 4155 1032 4226 plus
1043 4155 1118 4218 loin,
1135 4159 1263 4210 rectene
1273 4169 1320 4208 oc-

805 4226 922 4280 eictertt
946 4233 976 4281 et
1005 4228 1180 4282 honestene
1210 4225 1320 4278 tracti-

805 4298 915 4365 derit),
946 4312 983 4351 en
1002 4298 1126 4370 placant
1154 4313 1199 4351 an
1229 4297 1318 4367 apres
1405 4374 1411 4380 ι

804 4383 1014 4436 quaeramus.
