2872 4966
593 315 712 393 -107
732 361 773 374 -

145 484 205 548 lius
219 487 320 548 dixit?
335 487 411 548 Mihi
426 487 549 567 quidem
564 490 637 550 satis
660 494 751 568 esset,
766 474 794 549 'si
810 487 911 548 omnia
934 485 1079 564 consequi
1094 493 1161 564 pos-

146 605 222 647 sem.
240 586 436 658 Quidtamen
454 592 576 646 noceret
594 587 657 647 vim
671 586 818 664 Caesaris,
837 585 1031 664 asperitatem
1054 581 1158 659 Caelii,

146 686 334 762 diligentiam
348 685 503 760 Pollionis
512 685 664 764 judicium
679 685 760 746 Calvi
775 684 960 764 quibusdam
974 683 1006 743 in
1020 682 1094 741 locis
1108 681 1161 743 ad·

146 782 294 846 sumere?
308 785 387 844 Nam
401 790 520 863 praeter
534 785 565 843 id
579 785 659 863 quod
679 784 838 863 prudentis
861 788 919 859 est,
935 781 1015 860 quod
1030 781 1062 840 in
1079 798 1157 858 quo·
1181 778 1221 841 26

144 900 203 960 que
218 883 367 960 optimum
381 886 438 955 est,
456 883 482 941 si
496 882 600 962 possit,
624 902 716 942 suum
730 883 841 958 facere,
867 886 934 940 tum
960 880 992 939 in
1009 883 1093 938 tanta
1112 878 1156 936 rei

146 980 323 1040 difficultate
343 963 440 1040 unum
455 980 609 1042 intuentes
630 981 681 1068 viu
695 981 797 1067 aliqua
816 999 887 1059 pars
908 975 1056 1060 sequitur,
1080 971 1161 1036 Ideo·

145 1099 204 1159 que
219 1100 290 1140 cum
310 1086 407 1141 totum
426 1081 596 1159 exprimere
611 1080 850 1159 quemelegeris
871 1098 966 1158 paene
982 1079 1022 1138 sit
1042 1074 1159 1136 homini

145 1179 369 1254 inconcessum,
385 1178 521 1256 plurium
540 1177 619 1239 bona
638 1196 787 1257 ponamus
808 1183 878 1238 ante
897 1177 1010 1251 oculos,
1027 1180 1062 1235 ut
1076 1172 1159 1234 aliud

145 1295 182 1336 ex
196 1276 254 1335 alio
281 1277 415 1353 haereat,
440 1281 470 1335 et
494 1295 554 1355 quo
576 1277 711 1357 quidque
735 1277 798 1336 loco
822 1271 980 1336 conveniat
1005 1279 1156 1352 aptemus.

183 1374 315 1434 Imitatio
329 1379 431 1433 autem
448 1375 532 1456 (nam
547 1375 667 1454 saepius
685 1376 767 1445 idem
779 1376 890 1453 dicam)
907 1394 968 1434 non
984 1374 1024 1433 sit
1038 1377 1158 1432 tantum
1181 1367 1220 1428 27

143 1472 176 1532 in
189 1472 300 1533 verbis.
326 1472 401 1533 Illuc
420 1474 605 1534 intendenda
629 1493 727 1549 mene,
760 1480 911 1553 quantum
933 1473 1025 1533 tuerit
1042 1471 1101 1531 illis
1118 1471 1162 1530 vi-

44 1624 46 1628 .
143 1572 185 1631 ris
199 1571 316 1631 decoris
330 1572 363 1631 in
383 1572 476 1632 rebus
495 1577 586 1650 atque
606 1573 756 1651 personis,
786 1574 866 1651 quod
889 1572 1063 1646 consilium,
1083 1586 1161 1648 quae

142 1668 308 1747 dispositio,
324 1688 418 1748 quam
440 1670 554 1745 omnia,
572 1671 664 1731 etiam
687 1689 765 1749 quae
789 1672 978 1732 delectationi
1000 1670 1159 1730 videantur

141 1767 221 1844 data,
237 1767 275 1827 ad
298 1768 456 1828 victoriam
479 1774 637 1847 spectent,
662 1770 736 1848 quid
760 1775 868 1847 agatur
890 1769 1056 1850 prooemio,
1080 1785 1158 1846 quae

140 1867 216 1927 ratio
239 1871 270 1926 et
280 1884 373 1944 quam
394 1866 476 1926 varia
497 1867 654 1944 narrandi,
677 1886 755 1946 quae
776 1870 821 1928 vis
838 1868 985 1948 probandi
1009 1887 1044 1927 ac
1059 1864 1152 1925 retel-

140 1965 233 2041 lendi,
250 1969 364 2042 quanta
377 1965 409 2023 in
423 1964 592 2024 adfectibus
603 1967 702 2026 omnis
717 1968 838 2044 generis
850 1967 1008 2027 movendis
1018 1964 1156 2041 seientia,
1250 2007 1252 2011 -
1278 2014 1282 2029 ι

139 2081 293 2141 quamque
316 2062 382 2122 laus
413 2062 479 2141 ipsa
508 2063 662 2142 popularis
687 2066 826 2126 utilitatis
851 2066 949 2144 gratia
982 2065 1156 2142 adsumpta,
1207 2097 1210 2103 ·

140 2210 386 2265 Demosthenem
410 2215 442 2265 et
457 2211 653 2280 Ciceronem,
738 2214 783 2270 26.
800 2216 939 2271 Praeter
953 2216 1028 2270 iai...
1046 2215 1140 2284 quod.
1170 2211 1218 2268 (tl.

141 2287 197 2337 eto.
213 2281 266 2338 105
280 2285 310 2336 et
325 2282 404 2336 suir.
701 2285 731 2355 1,
744 2287 781 2343 28
795 2301 867 2342 aveo
881 2284 912 2340 la
927 2289 1008 2340 note.

175 2352 521 2425 Noceret;l'lmpsrlait
536 2355 652 2409 etnon:
740 2359 922 2427 Sequitur:
946 2359 1139 2426 Sequuntur
1160 2370 1219 2423 ree,

141 2429 265 2492 noceat,
281 2439 444 2507 parceque
462 2423 655 2497 l'hypothese
704 2445 801 2500 quum
828 2430 936 2501 sponte
967 2428 1107 2495 veniunt,
1131 2426 1220 2483 facile

163 2511 218 2550 our
240 2495 343 2562 Qumt.
360 2495 435 2551 n’est
457 2513 514 2579 pas
533 2496 655 2552 realisa-
703 2503 792 2567 fiunt,
806 2515 906 2572 neque
921 2503 1081 2572 perartem
1094 2499 1221 2555 autvim

140 2511 204 2623 dle.
217 2566 255 2622 K.
268 2567 309 2649 11,
319 2567 499 2649 1h8etsu1v.
516 2567 597 2621 Pour
609 2566 655 2650 les
704 2573 896 2639 affectantur,
924 2570 1115 2643 feliciterque
1148 2586 1221 2626 suc-

140 2638 655 2765 ¹¹⁹mil¹t¹t⁸r¹lli¹¹lllt¹ail4‘lt?
704 2643 964 2770 attissa*
978 2645 1221 2770 altstete

140 2711 287 2865 diridtidr
299 2751 429 2865 Calvus,
448 2747 655 2865 numerosior
703 2732 754 2842 ilar
769 2785 890 2859 (Wolf.)
905 2755 1055 2841 at'Pars.
1080 2789 1137 2854 Ep.
1153 2785 1177 2850 I,
1190 2782 1218 2852 8,

139 2854 654 2922 Asinius,splendidiorCaesar..
702 2860 755 2914 14:
783 2857 913 2926 Sequi...
929 2859 1048 2926 pieria,
1077 2874 1142 2912 non
1158 2858 1220 2913 act-

139 2925 290 2979 amarior
303 2925 465 2981 Caelius...
482 2925 655 2979 uehemen-
699 2931 768 3001 peti
788 2929 876 2984 dehet
904 2930 934 2983 et
948 2928 1040 2984 Sana.
1055 2930 1122 2984 Cat.
1139 2927 1167 2995 3,
1182 2927 1215 2982 2:

140 2998 202 3050 tior
230 3001 260 3050 et
312 2998 413 3051 lenior
437 3001 469 3050 et
490 2998 654 3052 valentior
703 3003 963 3070 haudquaquam
993 3015 1060 3069 par
1098 3001 1217 3069 pieria,

139 3068 256 3122 Cicero.
282 3015 364 3123 {aar
383 3067 414 3122 la
429 3067 521 3135 force,
538 3067 653 3138 qualite
701 3074 854 3143 sequitur
882 3073 1073 3142 scriptorem
1107 3077 1137 3128 et
1162 3086 1220 3126 ao-

138 3138 314 3196 dominante
326 3140 362 3196 de
377 3139 471 3195 Cesar
485 3153 602 3194 comme
617 3138 654 3194 de
703 3150 805 3201 torem
817 3157 941 3198 rerum.

139 3209 356 3279 Demosthene,
371 3211 410 3267 ol.
426 3209 451 3276 Ι,
464 3212 492 3277 7,
508 3209 561 3265 34:
586 3212 654 3265 vim
736 3218 938 3271 Haereat...
987 3216 1161 3271 conveniat
1172 3258 1178 3271 .
1190 3257 1215 3271 ..

139 3282 169 3335 C.
197 3282 347 3338 Caesaris
371 3282 545 3351 freqerunt
571 3283 654 3337 editt
702 3293 788 3356 apte.
806 3285 1035 3342 Reminisoenoe
1051 3286 1217 3342 d'Horace:

138 3354 177 3406 ate
192 3355 350 3422 anatoqta
368 3355 443 3408 lteri
456 3351 470 3407 t
481 3355 511 3407 et
526 3352 595 3418 XII,
607 3353 652 3420 10,
703 3361 791 3420 Quod
807 3372 872 3411 non
879 3360 1044 3426 proposito
1060 3360 1220 3414 conaucat

137 3423 191 3478 11:
221 3425 289 3479 aim
317 3426 478 3490 Caesaris,
508 3425 654 3479 indolem
702 3435 733 3486 et
755 3430 890 3485 haereat
911 3434 996 3496 apte.
1024 3432 1060 3483 A.
1083 3431 1132 3495 Ρ.,
1155 3427 1218 3484 195.

139 3495 253 3561 Caelii,
280 3497 500 3550 subtilitatem
520 3496 652 3562 Cariati,
702 3501 745 3558 lei
774 3515 847 3556 avec
873 3501 1018 3569 haerere,
1050 3499 1151 3574 suppl.
1181 3501 1218 3555 in

137 3567 654 3634 atlipentiamPollionis...sanc·
702 3574 816 3630 animo
838 3571 985 3642 tepentis.

142 3638 273 3693 titatem
293 3640 417 3694 Calvi...
442 3638 654 3693 acerbitatem
736 3644 782 3702 27.
812 3645 961 3713 Saepius.
986 3643 1067 3702 ssl'a
1082 3643 1126 3698 dit
1141 3642 1177 3699 13
1189 3644 1220 3698 et

140 3709 243 3763 Cassii
277 3711 489 3779 reperiemus,
524 3712 579 3764 eto.
607 3708 654 3765 On
701 3717 749 3772 16,

138 3783 280 3835 trouvera
301 3798 345 3836 un
367 3795 454 3836 exem
476 3779 505 3833 la
528 3781 654 3836 ourieux
736 3791 876 3844 Decoris.
906 3787 953 3845 Gt.
980 3786 1005 3855 Ι,
1036 3786 1071 3844 27
1094 3800 1167 3841 avec
1187 3784 1219 3841 la

138 3850 174 3905 de
188 3850 374 3922 l'asperitas
398 3853 434 3908 de
451 3795 582 3921 daeuus,
599 3851 652 3920 IV,
702 3863 784 3916 note.

136 3921 165 3989 2,
181 3922 242 3978 123·
737 3934 786 3986 Aoi
801 3932 984 3988 uictoriam.
1001 3930 1131 4000 Cf.1,29
1146 3949 1218 3989 aveo

172 4008 362 4070 Adsumere,
387 4023 425 4062 au
464 4021 535 4063 sens
570 4006 654 4062 ordi·
701 4001 1078 4059 lancte:oavtctortom
1094 4005 1170 4059 niti.

137 4079 223 4132 noire
255 4077 291 4132 de
319 4081 507 4146 adjotndre,
527 4080 556 4133 et
591 4094 654 4133 non
737 4076 827 4130 Laus
842 4077 1026 4142 popularis,
1048 4090 1165 4130 comme
1189 4078 1216 4143 1,

140 4164 257 4203 comme
287 4148 321 4214 Ι,
350 4150 401 4205 tal
420 4165 426 4204 ε
446 4153 575 4205 aerea...
598 4152 655 4204 ad·
701 4146 755 4201 17:
784 4148 1000 4202 laudantium
1029 4147 1218 4212 clamem-il

138 4225 278 4287 sumpta,
306 4223 510 4289 expressions
526 4224 653 4276 detour-
702 4216 791 4288 s'agit
812 4218 849 4273 da
870 4216 901 4271 la
923 4215 1006 4272 loule
1021 4217 1075 4288 qui
1090 4220 1216 4273 entoure

139 4293 214 4346 nees
229 4292 268 4345 de
285 4292 358 4345 leur
372 4307 446 4348 sens
458 4308 588 4362 propre.
605 4291 652 4347 Cf.
700 4286 729 4342 le
758 4288 895 4344 tribunal
919 4303 927 4356 ;
957 4288 1033 4344 Tau.
1060 4289 1144 4343 Diae.
1170 4289 1214 4345 ¹6:

137 4362 210 4434 plus
222 4362 654 4434 has,27:utilitatispratia
701 4361 786 4415 coire
820 4360 981 4428 populum
1015 4363 1045 4414 et
1069 4360 1215 4416 eircum-

141 4435 326 4502 aatsumpta.
699 4431 802 4500 fundi
817 4445 1002 4488 coronam...
