2872 4966
640 241 819 307 -181-

173 412 239 452 esse
254 413 352 472 neque
368 413 431 472 par,
449 401 494 454 est
514 401 595 455 certe
610 397 755 475 proximis
779 396 874 454 loeus.
900 395 948 454 An
969 413 1038 453 vero
1058 395 1115 474 ipsi
1130 415 1190 454 non

173 492 220 551 his
236 511 270 552 66
295 493 415 570 saepius
441 494 478 553 de
503 495 608 554 eodem
632 514 664 553 re
680 496 810 554 dicimus
834 498 864 552 et
885 493 1008 571 quidem
1033 495 1191 553 continuas
1234 494 1251 552 7

174 573 394 668 nonnunquam
425 591 613 652 sententies‘.l
647 593 706 652 nisi
730 594 806 651 forto
831 591 1011 651 contendere
1032 591 1189 651 nobiscum

174 706 349 765 possumuS,
382 708 452 748 cum
475 690 541 749 aliis
564 709 624 749 non
647 709 821 768 possumus,
847 688 925 747 Num
951 689 976 746 si
1000 707 1061 747 uno
1083 708 1193 765 genere

174 783 428 864 benediceretur,
447 789 492 848 166
508 793 570 848 erut
587 788 754 847 existimari
770 787 958 864 praeclusam
973 786 1060 845 nohis
1080 805 1097 846 6
1112 806 1190 865 prro-

175 884 260 944 ribus
275 884 374 944 viamt
392 905 474 945 nunc
489 905 559 946 vero
575 886 813 946 innumerabiles
834 891 906 944 sunt
927 884 1009 943 modi
1024 886 1191 963 plurimae-

175 1001 235 1060 que
257 982 362 1041 eodem
377 984 442 1044 viae
467 984 594 1043 ducunt.
622 984 683 1045 Sue
707 984 846 1043 brevitati
871 983 978 1060 gretie,
996 1002 1051 1043 666
1077 985 1190 1063 666166,
1234 983 1254 1043 8

176 1081 233 1140 alia
259 1065 412 1141 translatis
436 1083 543 1159 virtus,
569 1083 626 1143 alia
653 1082 792 1160 propriis,
821 1082 878 1141 hoc
901 1082 995 1140 oratio
1011 1087 1103 1156 recta,
1120 1083 1194 1141 illud

178 1178 274 1255 sigum
300 1178 448 1239 declinata
477 1181 679 1240 commendat..
706 1181 775 1258 Ipsa
808 1179 939 1257 denique
967 1180 1129 1238 utilissima
1150 1186 1197 1238 661

177 1275 382 1335 exercitationi
398 1277 572 1337 difficultas
597 1277 675 1349 Quid
692 1278 771 1356 quod
792 1282 930 1336 auctores
947 1276 1072 1336 maximi
1087 1276 1130 1336 sio
1145 1277 1194 1335 di-

177 1373 319 1450 ligentius
345 1375 592 1452 cognoscuntur?
607 1378 676 1436 Non
693 1377 776 1435 enim
802 1376 914 1454 scripta
937 1375 1065 1435 lectione
1090 1393 1197 1435 secura

177 1473 427 1552 transcurrimus
446 1476 499 1534 sed
514 1481 681 1535 1666166666
702 1475 821 1552 singule
837 1479 866 1533 et
887 1474 1057 1534 necessario
1080 1473 1194 1533 intros-

178 1568 308 1647 picimus
323 1577 364 1649 et,
382 1578 532 1651 quantum
548 1574 669 1637 virtutis
690 1573 833 1650 habeant,
850 1572 896 1632 vel
911 1573 968 1632 hoo
988 1573 1052 1650 ipso
1073 1590 1197 1649 cognos-

178 1668 289 1746 616166,
305 1671 385 1748 quod
400 1671 513 1732 imitari
524 1692 585 1753 non
600 1691 774 1751 possumus

218 1767 282 1826 Neo
295 1768 393 1828 611666
408 1774 528 1852 tuntum
547 1770 723 1848 transferre,
747 1771 798 1830 sed
822 1771 914 1831 etiam
936 1775 1040 1830 nostra
1058 1769 1198 1849 pluribus
1239 1768 1259 1828 9

179 1870 277 1929 modis
297 1877 425 1932 tractare
445 1872 589 1954 proderit,
611 1880 646 1934 ut
667 1893 705 1934 ex
725 1875 875 1934 industria
899 1894 1057 1935 sumamus
1078 1879 1199 1934 senten-

180 1967 236 2027 tias
251 1969 400 2046 quasdam
424 1991 535 2050 easque
551 1992 708 2033 versemus
731 1992 824 2052 quam
841 1974 1102 2050 numerosissime,
1114 1973 1196 2032 velut

181 2089 266 2140 ment
298 2102 361 2143 une
394 2090 585 2162 proposition
616 2091 698 2146 1616-

181 2157 346 2231 66616616,
377 2175 494 2216 oomme
525 2164 593 2217 Sat.
612 2162 653 2228 ΙΙ,
670 2163 697 2228 2,

180 2229 236 2281 30:
256 2230 442 2298 imparibus
455 2233 573 2301 formis
591 2237 699 2302 decep·

183 2301 254 2352 16161
270 2305 412 2369 1666161.
431 2306 528 2360 Esto:
544 2308 700 2360 66616616-

153 2418 155 2422 .
185 2373 256 2424 1666
272 2375 375 2428 sentis
392 2377 448 2429 616.

218 2444 397 2512 Proaeimis,
410 2448 440 2501 et
451 2460 512 2501 non
524 2448 700 2514 6666616666

182 2528 242 2589 que
257 2515 395 2571 (1666661
414 2517 451 2572 (16
465 2518 639 2590 preference
654 2518 699 2574 los

182 2586 348 2643 anciennes
361 2587 492 2644 editions
506 2605 514 2657 ;
530 2589 701 2645 1116661616

183 2657 304 2716 dernier
319 2661 413 2715 terme
429 2659 521 2716 d’une
538 2661 700 2732 gradation

182 2729 408 2786 descendants:
427 2734 582 2787 melius...
599 2747 699 2801 666...

178 2802 357 2873 proximis.
385 2800 433 2856 Cf.
449 2802 474 2868 Ι,
504 2804 578 2858 127:
602 2819 702 2874 pares

183 2879 242 2928 661
256 2874 376 2927 saitem
381 2876 553 2941 prosimos
563 2876 617 2929 iiii
631 2877 701 2931 viro

207 2962 267 3001 eri.

182 2948 205 3019 fi
223 3019 250 3072 7.
273 3016 349 3070 Nisi
378 3015 474 3086 forte.
495 3017 583 3073 Nous
601 3015 703 3071 66611-

183 3104 285 3143 66666
316 3088 442 3142 666166
473 3087 505 3142 16
540 3087 702 3159 repetition

184 3161 238 3215 des
251 3162 366 3214 memes
381 3163 465 3215 tours
482 3161 501 3214 61
524 3157 702 3215 intervallos

184 3230 370 3302 6666666666
390 3231 461 3286 61166
476 3230 581 3297 Quint.
599 3230 646 3285 cf.
673 3230 700 3297 1,

185 3303 230 3357 215.
256 3299 455 3371 L’argument
478 3318 516 3357 ne
539 3305 625 3374 porte
645 3316 701 3372 666

185 3372 257 3446 6166
274 3387 333 3443 que
344 3374 443 3427 16616
463 3371 598 3443 l'heure3
617 3373 653 3427 (16
669 3387 701 3455 66

186 3461 246 3516 que
262 3459 341 3498 nous
356 3457 496 3515 pouvons
513 3459 702 3514 nous-corn-

186 3532 240 3587 ger
255 3515 507 3582 6666-6666166,11
523 3531 560 3570 66
574 3514 702 3571 s’ensuit

186 3603 242 3660 666
254 3586 344 3657 qu'en
358 3585 442 3641 111666
468 3586 607 3656 generale
623 3602 701 3641 nous

209 3659 341 3712 uissions
357 3672 435 3712 nous
452 3658 552 3712 1161166
569 3659 605 3713 (16
625 3659 702 3712 6166-

185 3676 258 3784 liser
300 3744 372 3783 6666
409 3728 453 3784 166
490 3745 610 3784 6666666
650 3729 702 3783 (166

187 3804 312 3855 66611666
342 3816 378 3855 66
403 3799 445 3855 166
474 3800 632 3855 6616166161.
659 3800 703 3854 La

187 3873 327 3944 protique
347 3872 383 3926 de
404 3870 434 3925 16
458 3871 660 3926 (166161661166
685 3887 703 3926 6

188 3945 276 4013 tegare
291 3943 321 3997 16
332 3943 459 4012 critique
475 3943 511 3997 de
527 3943 630 4008 Quint.

186 4018 188 4021 ’
232 4017 296 4069 tino
307 4031 381 4069 6666
391 4014 496 4084 6111666
506 4014 542 4069 (16
558 4019 701 4079 iunium,

189 4087 397 4151 6666661111
413 4088 496 4141 :Hos
519 4088 703 4140 666116661-

191 4173 274 4211 6166.
306 4188 339 4195 -
367 4160 489 4211 Geiiere
515 4158 662 4228 equivaut
686 4158 704 4210 6

177 4229 331 4294 ratione,
349 4230 524 4283 6666166611
540 4229 593 4297 666
611 4229 704 4282 coeit

744 2106 805 2145 une
818 2090 1008 2162 proposition
1021 2089 1258 2145 conditionnelle
1307 2114 1309 2118 ·

745 2163 764 2216 6
798 2160 977 2233 l'imparsait
1007 2162 1047 2216 du
1080 2161 1257 2229 6616666111,

746 2236 932 2287 6666166166
948 2232 992 2287 166
1012 2233 1204 2304 expressions
1218 2233 1259 2286 (16

747 2304 862 2378 devoir,
879 2302 1009 2370 6661616,
1018 2303 1157 2374 6666616,
1175 2307 1233 2359 616.
1250 2321 1257 2358 z

747 2377 922 2444 oportebat,
946 2378 1087 2441 61666661,
1117 2377 1258 2441 decebat,

748 2462 886 2512 necesse,
896 2462 970 2514 par,
985 2451 1123 2513 6661666,
1139 2446 1257 2516 fosete.

748 2523 831 2574 6661.
849 2518 886 2573 K.
902 2519 943 2585 Il,
957 2519 1020 2585 929,
1035 2517 1062 2573 3.

785 2591 1074 2644 Piorimaeeooiem
1088 2591 1171 2644 vioe.
1182 2589 1259 2643 Sons

749 2661 840 2716 doute
857 2677 915 2716 666
940 2661 1119 2733 expression
1141 2675 1261 2732 prover-

747 2732 828 2787 biale
839 2748 955 2787 comme
970 2732 1016 2786 le:
1037 2735 1117 2787 Touo
1134 2733 1178 2787 ies
1194 2733 1261 2786 clie-

750 2807 838 2858 mios
853 2802 1081 2858 oonduisentd
1097 2806 1205 2858 Rome.

784 2875 812 2929 8.
829 2877 938 2938 Oratio
954 2879 1054 2930 66616.
1076 2874 1134 2929 Sur
1146 2873 1173 2928 le
1196 2888 1261 2927 666-

751 2951 822 3001 1666
851 2948 983 3001 dicendi
1007 2961 1121 3014 66666,
1156 2945 1194 2999 61.
1230 2944 1261 2998 16

749 3018 862 3080 66161,
880 3018 926 3071 tt.
950 3020 1048 3072 Recto
1071 3022 1099 3071 61
1122 3017 1262 3083 61666166·

750 3090 855 3144 oratio
874 3087 1011 3160 s'oppose
1031 3089 1162 3143 souvent
1176 3089 1211 3141 ii:
1228 3088 1263 3158 fi-

749 3164 882 3230 666616.
899 3159 944 3214 Cf.
959 3159 1050 3225 IX‚l,
1065 3159 1099 3213 3:
1122 3161 1262 3227 Utraque

749 3247 800 3286 res
825 3232 952 3300 (figurae
975 3229 1089 3285 soilioet
1117 3233 1147 3285 61
1170 3229 1261 3301 16661)

750 3305 789 3357 616
805 3307 893 3357 66616
915 3307 945 3356 61
965 3302 1108 3369 simplici
1132 3303 1262 3356 ratione

750 3375 959 3442 6666611666
982 3374 1114 3427 dicendi
1139 3374 1262 3426 6161616

751 3446 947 3513 deflectitur.
964 3475 999 3483 -
1014 3445 1140 3513 Fipura
1162 3448 1207 3499 est
1224 3443 1263 3498 161

751 3517 766 3570 s
780 3515 921 3581 rutilarit,
935 3517 1083 3587 61616666
1095 3517 1263 3571 6166116616

751 3586 898 3658 66616661
912 3587 929 3641 i
944 3588 1100 3658 61666616.
1122 3587 1212 3653 (11.1,
1228 3586 1264 3640 12

751 3666 781 3716 61
797 3658 825 3711 16
842 3661 912 3712 note
929 3659 990 3712 666
1006 3660 1078 3712 mot.
1094 3660 1262 3713 Declinare

751 3753 781 3777 rr
798 3729 1142 3798 616616661661661666.

787 3800 872 3861 Quod
904 3803 1035 3855 imitari
1061 3817 1125 3855 666
1155 3815 1265 3868 possu-
1322 3857 1324 3862 ,

752 3888 835 3927 mim.
852 3873 892 3926 Co
908 3872 1026 3926 dernier
1040 3875 1201 3942 argument
1219 3875 1264 3926 est

750 3943 1264 4009 lemoilleur;Boileouavoitlronte

751 4015 884 4080 ‹itur-tre,
897 4015 1031 4085 (6666111
1050 4016 1262 4069 1166111161666-

752 4088 852 4140 tlr'ne.
884 4087 931 4139 Vie
957 4089 995 4140 de
1023 4089 1170 4152 11611666,
1192 4087 1263 4140 odit.

752 4159 895 4222 1166666,
912 4157 936 4220 1,
953 4158 1000 4212 to.

786 4233 812 4282 u.
843 4229 1117 4283 Numerosissime
1138 4252 1169 4272 =
1191 4242 1265 4282 666-

123 4363 132 4370 ,
194 4303 314 4370 661666
329 4299 426 4368 sapon
445 4301 483 4353 de
509 4301 702 4354 61666166...
746 4302 895 4368 pissimo.
920 4300 967 4355 Gt.
985 4300 1024 4360 ΙΙ,
1052 4299 1128 4366 tue
1152 4300 1191 4352 od
1207 4315 1265 4353 66-

231 4373 295 4426 1166
317 4375 410 4439 66616
432 4369 595 4427 1161166111
617 4371 704 4444 66666
753 4373 929 4427 morosiore
945 4373 991 4425 661
1002 4370 1065 4443 6616
1075 4385 1153 4444 6666
1163 4372 1266 4443 61666
