2872 4966
652 302 812 363 ..48-

239 463 329 524 opere
343 464 398 506 suo
414 447 543 526 videtur,
560 449 619 510 nisi
634 451 710 510 forte
725 457 778 512 aut
792 452 843 512 illa
855 452 934 513 mala
945 453 1072 534 judicia,
1088 473 1165 534 quae
1179 457 1257 537 Epi·

240 549 404 622 trepontes,
431 546 597 626 Epicleros,
624 549 736 609 Locroe
760 549 884 625 habent,
909 557 962 612 aut
985 553 1196 616 meditationes
1223 556 1257 615 in

237 642 424 721 Psophodee,
442 645 634 724 Nomothete,
651 648 885 728 Hypobolimaeo
895 669 956 710 non
966 651 1108 713 omnibus
1118 655 1258 714 oratoriis

178 739 214 801 71
239 741 376 800 numeris
403 748 475 802 sunt
498 742 663 805 absolutae.
707 747 769 824 Ego
793 753 895 807 tamen
910 747 979 826 plus
993 749 1093 810 adhuc
1109 750 1257 829 quiddam

238 839 419 901 collaturum
443 860 515 902 eum
530 841 783 906 declamatoribus
799 853 883 926 puto,
904 848 1049 926 quoniam
1067 850 1116 910 his
1131 869 1258 911 necesse

237 945 284 1000 est
309 940 478 1001 secundum
504 942 713 1004 condicionem
736 947 1009 1008 controversiarum
1031 949 1134 1028 plures
1152 950 1257 1011 subire

238 1059 394 1120 personas
410 1047 544 1121 patrum,
561 1043 695 1104 filiorum
719 1045 865 1124 militum,
890 1047 1087 1123 rusticorum,
1112 1049 1255 1129 divitum,

179 1140 218 1201 72
240 1157 421 1220 pauperum,
437 1141 646 1218 irascentium,
664 1143 905 1223 deprecantium,
917 1146 1050 1224 mitium,
1063 1165 1261 1227 asperorum.

236 1238 273 1298 In
287 1238 399 1317 quibus
409 1240 552 1301 omnibus
563 1241 640 1301 mire
651 1242 821 1303 custoditur
829 1243 868 1304 ab
879 1244 936 1304 hoc
947 1249 1033 1324 poeta
1042 1243 1142 1304 decor.
1154 1245 1258 1325 Atque

235 1336 285 1397 ille
301 1337 425 1414 quidem
441 1339 583 1400 omnibus
596 1338 734 1417 ejusdem
748 1342 847 1421 operis
861 1342 1037 1404 auctoribus
1057 1342 1183 1404 abstulit
1202 1363 1260 1405 no-

176 1493 255 1549 Mais
270 1493 413 1549 l'orateur
432 1489 503 1545 chez
522 1488 690 1545 Menandre
741 1492 780 1548 cl.
826 1493 876 1548 lus
899 1494 955 1549 bas
979 1492 1032 1548 99:
1050 1494 1130 1561 plus
1146 1496 1258 1561 adbuc

178 1566 208 1636 (a
223 1580 371 1638 supposer
385 1561 460 1634 qu'il
487 1562 546 1616 soit
560 1560 691 1617 l'auleur
742 1566 899 1621 habetare
913 1566 1053 1635 cratiae.
1072 1564 1121 1634 (K.
1137 1566 1201 1635 971,
1216 1569 1256 1623 Α.

177 1636 213 1691 de
228 1652 277 1692 ces
290 1632 451 1704 discours),
465 1632 690 1688 s’affirmebien
740 1637 781 1706 4.)
811 1639 975 1698 Quiddam
1002 1635 1157 1708 s'emploie
1179 1637 1257 1694 d’or-

177 1708 280 1764 mieux
295 1708 373 1763 dans
389 1720 444 1760 son
462 1719 566 1759 oeuvrs
581 1719 690 1776 propre
742 1708 858 1764 dirmirs
873 1723 990 1765 commo
1011 1707 1051 1784 ici
1064 1722 1142 1778 pour
1156 1709 1258 1766 adou-

177 1775 691 1848 1166011161161Ν16116116661666
741 1780 785 1834 cir
807 1779 836 1835 16
864 1795 935 1835 sens
966 1778 1038 1835 d'un
1064 1777 1192 1850 adjectis
1215 1797 1256 1837 au

176 1850 309 1907 formula
330 1850 368 1905 de
392 1847 691 1903 raisonnemontiro·
741 1850 865 1924 positis:
896 1853 1005 1905 altam
1034 1850 1196 1920 quiddam
1225 1857 1257 1908 et

175 1922 278 1994 nique.
742 1925 917 1979 eaccetsam.
928 1922 995 1978 Cra.
1007 1923 1080 1978 Fm.
1096 1922 1136 1992 ΙΙ,
1152 1924 1197 1991 11,
1208 1924 1257 1980 46.

212 1995 327 2056 Mata,·
363 1994 409 2047 est
435 2006 478 2046 un
505 1989 635 2045 attribut
661 1991 690 2044 et
777 1994 1067 2061 Declamatorr'bas,
1095 2010 1182 2068 paro
1204 2010 1258 2069 po-

176 2065 324 2137 tquivaut
345 2064 381 2118 a:
401 2077 462 2131 pro
487 2062 587 2115 malis
611 2065 691 2116 auat
742 2067 833 2121 sition
850 2066 868 2119 a
888 2067 1083 2122 oratoribus.
1104 2067 1144 2122 of.
1160 2012 1211 2132 Id,
1225 2067 1254 2135 2,

176 2137 336 2192 babendo.
352 2135 487 2189 Jadicr'a
501 2131 625 2202 designo
638 2131 690 2186 des
741 2138 789 2194 97:
799 2138 917 2192 Evenit
926 2138 1108 2206 aliquando
1118 2139 1155 2192 m
1170 2139 1256 2194 30120.

176 2207 314 2262 discours
342 2205 383 2260 du
413 2218 505 2276 genre
530 2202 690 2274 judiciaire
743 2210 870 2264 lacticis
898 2211 1139 2275 controuersiis,
1170 2184 1257 2279 quod

176 2295 233 2352 par
242 2276 690 2351 oppositionamedr'tatioaes
742 2284 779 2336 m
804 2281 875 2350 foro
899 2295 944 2334 aa
968 2281 1074 2348 possit
1105 2282 1255 2337 accidere

190 2349 315 2430 μελέται)
349 2355 402 2427 qui
429 2358 493 2425 s'ap
515 2352 598 2425 liquo
628 2367 691 2406 aux
742 2353 863 2408 dubito.
887 2350 941 2418 III,
957 2352 984 2418 8,
999 2350 1033 2406 51
1051 2368 1057 2407 :
1077 2352 1256 2421 praecipue

176 2355 396 2486 declamations
410 2369 521 2482 d'toold
532 2439 541 2494 ;
554 2440 583 2480 v.
595 2422 649 2490 IV,
661 2422 689 2491 2,
742 2423 1018 2505 declamatoribus
1038 2425 1257 2506 consideran-

174 2501 229 2558 29:
253 2516 328 2557 cam
351 2500 396 2554 stt
419 2497 616 2553 declamatio
639 2495 691 2564 fo·
742 2498 896 2560 domest,
920 2495 1001 2563 quad
1020 2509 1137 2565 curque
1147 2509 1257 2578 perso·

176 2574 328 2629 rensiam
357 2570 527 2625 actionum
554 2567 691 2622 medita·
743 2581 805 2622 nae
835 2566 1019 2632 coaoem'at,
1044 2568 1102 2636 qai
1125 2580 1257 2634 paucis-

178 2654 243 2718 tr'o;
259 2649 457 2724 l'expression
482 2640 515 2698 τὸ
543 2638 691 2715 πρακτικὸν
742 2641 845 2694 simas
870 2639 1109 2694 controversias
1134 2639 1185 2693 ita
1209 2639 1257 2692 di·

176 2723 334 2795 employee
350 2736 405 2848 {ar
420 2720 526 2790 Denys
534 2733 620 2844 ¹Fons
645 2733 691 2772 ca·
742 2714 822 2766 cunt
832 2713 868 2763 ut
879 2709 1031 2763 advocati
1043 2710 1256 2779 :plerumque

176 2794 335 2850 racteriser
368 2790 473 2848 ecotd
497 2790 573 2845 ut'e
602 2789 638 2843 de
660 2788 691 2843 la
741 2781 1254 2854 filit,pareates‚dioites‚senes,

176 2866 310 2922 comedia
324 2865 361 2920 de
375 2861 543 2919 Menandre
554 2876 610 2934 par
624 2875 691 2985 ref·
742 2853 863 2921 asperi,
872 2853 970 2935 terres,
981 2853 1106 2935 amari.
1114 2852 1255 2935 denique

175 2941 245 3010 port
271 2938 290 2991 d
316 2935 476 3001 l'orateur‚
506 2932 633 3003 suggere
673 2947 692 2985 a
741 2927 975 2993 superandam,
994 2924 1117 3007 tomacla,
1135 2925 1256 2978 deraso-

175 3013 273 3064 meme
292 3007 369 3063 ideo.
742 3011 794 3051 res
808 2996 905 3067 fidat.
932 2994 966 3048 V.
987 2992 1059 3049 choz
1074 2993 1213 3066 Senaque
1227 2992 1256 3050 16

210 3081 446 3150 Epitrepontes.
473 3074 498 3130 ΙΙ
528 3078 607 3130 reste
636 3072 690 3128 des
741 3067 866 3122 rheteur
884 3066 1071 3148 (Oratorem
1093 3067 1257 3149 ‚edim

175 3152 345 3223 fragments
379 3149 416 3205 do
451 3145 690 3219 quelques-unes
742 3154 818 3193 rum
842 3140 1038 3203 sectandae,
1065 3139 1255 3204 decessores,

175 3224 228 3279 dos
255 3223 355 3296 pisces
383 3219 475 3276 cittes
500 3217 540 3273 ici
567 3231 623 3288 par
648 3215 685 3280 Q.
742 3211 873 3280 colores)
897 3208 950 3264 des
966 3207 1100 3263 modales
1115 3208 1153 3263 de
1178 3210 1256 3264 cetto

175 3294 375 3363 L'Eptcteros
418 3293 447 3346 et
493 3288 690 3357 1116661611-
742 3281 905 3407 116Ἱ66666
919 3278 1037 3336 scotico.
1060 3279 1107 3335 On
1121 3278 1257 3335 attribue

176 3381 284 3422 maros
300 3365 423 3421 avaient
441 3361 487 3417 111
511 3360 613 3415 imitas
634 3374 690 3431 par
742 3354 796 3424 ega
811 3350 951 3434 eruenta
973 3350 1007 3416 Q.
1033 3367 1075 3406 un
1091 3349 1203 3406 recueil
1218 3349 1256 3406 do

175 3437 321 3494 Gtcilius.
741 3426 985 3480 Declamatrorcs
1001 3422 1038 3478 de
1052 3437 1085 3478 ce
1100 3436 1203 3493 genre.
1217 3421 1253 3479 V.

211 3509 378 3564 Numeris.
394 3505 531 3562 Avecun
545 3517 616 3557 sens
634 3500 690 3556 dii·
741 3497 842 3552 Taor.
863 3495 927 3562 325,
950 3494 996 3549 12.
1021 3493 1136 3560 Tacite,
1160 3494 1251 3549 Dial.

175 3581 275 3636 ferent
287 3579 323 3633 de
340 3577 420 3634 colui
435 3575 489 3648 qui
504 3591 521 3630 a
538 3574 584 3629 tte
599 3573 690 3628 inter·
740 3567 788 3651 3ὂῖ
805 3581 882 3622 nous
892 3565 1031 3648 apprend
1041 3567 1255 3648 commonicus

197 3653 259 3708 rete
274 3649 345 3724 plus
360 3648 555 3711 haut‚4avso
565 3644 596 3700 la
606 3647 688 3699 noto.
742 3643 837 3725 sujets
852 3638 968 3693 stabnt
991 3637 1097 3692 trartes
1120 3635 1198 3692 dans
1210 3633 1256 3692 lss

174 3669 201 3779 ll
228 3738 266 3778 ne
288 3721 357 3776 faut
371 3735 427 3793 pas
440 3719 480 3774 ici
494 3716 637 3788 songerd
658 3715 689 3770 la
741 3709 849 3766 ecoles.

175 3794 304 3850 cadence
330 3791 481 3858 oratoire,
514 3787 593 3843 mais
627 3803 689 3841 aux
777 3785 909 3837 Decor...
925 3779 964 3836 ci.
979 3780 1015 3836 27
1030 3777 1106 3835 atla
1120 3779 1203 3835 note.
1229 3775 1256 3835 11

173 3858 689 3997 111111111111111111ῗ
742 3851 985 3991 tibitibi.
1000 3849 1255 3991 11111111

174 4008 219 4078 13,
232 4007 289 4064 31:
310 4005 495 4076 perfectam
511 4003 689 4070 coaptatam-
741 4013 801 4069 que
825 3997 944 4051 resumo
965 3994 993 4050 le
1017 4007 1106 4077 vers:
1133 3993 1257 4049 mobili·

174 4095 236 4151 que
249 4078 400 4134 omuibus
414 4077 484 4132 sais
496 4074 646 4129 numeris
658 4077 689 4127 et
741 4071 833 4124 bas...
862 4069 956 4150 decor
972 4069 1106 4149 naturis
1122 4065 1256 4148 dandus

170 4152 335 4222 partibas.
742 4146 773 4196 et
788 4155 899 4195 annes.
924 4137 971 4193 Cf.
998 4137 1039 4192 rb.
1054 4136 1114 4219 114.
1122 4138 1153 4191 61
1168 4150 1252 4193 suiv.

209 4224 254 4279 71.
276 4219 485 4290 ptasadlmc.
510 4216 622 4272 Adbuc
649 4230 689 4269 au
776 4211 821 4267 72.
843 4212 1000 4278 Ejusdem
1025 4206 1257 4276 operiemus

174 4295 236 4351 lieu
259 4294 296 4349 de
320 4294 423 4348 etiam
444 4304 523 4362 pour
537 4286 690 4344 renforcer
741 4282 901 4338 Philemon
925 4295 984 4364 que
1005 4279 1039 4362 Q.
1062 4294 1102 4335 va
1116 4292 1258 4363 nommer

173 4365 202 4422 16
217 4363 402 4436 comparatis
422 4378 460 4417 ne
482 4377 514 4417 se
529 4361 689 4416 rencontre
740 4355 763 4410 il
776 4354 842 4410 faut
856 4354 930 4408 citer
945 4349 1069 4435 Drplrdo
1081 4349 1119 4406 do
1129 4349 1256 4435 Siuops,

176 4454 233 4512 pas
254 4437 332 4492 dans
345 4435 376 4491 la
390 4435 502 4506 langue
518 4430 669 4504 classique
676 4445 686 4500 3
741 4427 816 4482 dont
839 4424 948 4482 Plauto
969 4438 988 4479 a
1010 4421 1097 4479 rmild
1111 4422 1190 4479 trois
1209 4436 1257 4481 ao·
