2872 4966
584 285 586 288 <
667 243 847 310 -130-

226 395 245 456 5
285 395 390 474 Neque
405 416 458 473 ego
474 397 683 476 paraphrasim
698 417 764 458 esse
779 399 1058 478 interpretationem
1080 405 1199 460 tanturn
1221 401 1298 480 volo,

286 495 338 553 sed
357 495 437 555 circa
465 497 586 555 eosdem
614 515 722 556 sensus
748 504 901 558 certamen
931 503 1021 576 atque
1048 500 1297 559 aemulationem.

286 593 416 670 Ideoque
429 592 467 652 ab
482 594 541 653 illis
565 595 721 670 dissentio,
737 596 790 674 qui
805 602 922 655 vertere
937 597 1087 657 orationes
1117 597 1226 658 latinas
1250 617 1300 656 ve-

285 696 360 768 tant,
377 692 459 769 quia,
476 692 597 770 optimis
611 695 776 771 occupatis
795 693 943 772 quidquid
957 695 1045 754 aliter
1059 695 1226 755 dixerimus
1240 714 1298 754 ne-

197 792 199 797 '
286 808 369 848 cesse
385 791 423 849 sit
438 808 504 849 esse
518 791 662 850 deterius.
678 792 757 851 Nam
773 810 871 869 neque
881 811 1000 872 semper
1014 799 1060 853 est
1074 791 1300 872 desperandum

283 887 396 965 aliquid
412 887 483 961 illie,
504 906 581 965 quae
604 888 781 964 dictasunt,
798 889 908 949 melius
935 909 1022 968 posse
1036 891 1173 969 reperiri,
1200 909 1300 969 neque

284 985 357 1044 adeo
368 984 506 1062 jejunam
520 1004 555 1044 ac
570 1005 734 1064 pauperem
750 991 858 1046 natura
876 988 1078 1065 eloquentiam
1093 989 1174 1065 fecit,
1187 994 1222 1047 ut
1236 1007 1300 1048 una

224 1082 243 1142 6
284 1084 321 1141 de
335 1102 368 1141 re
382 1084 459 1142 bene
474 1083 532 1142 dici
546 1084 605 1142 nisi
621 1083 714 1143 semel
729 1104 789 1144 non
804 1085 909 1164 possit.
926 1086 992 1145 Nisi
1011 1087 1087 1145 forte
1113 1086 1300 1146 histrionum

283 1183 379 1242 multa
394 1183 473 1241 circa
487 1201 573 1241 voces
596 1183 717 1242 easdem
732 1185 848 1243 variare
860 1189 963 1261 gestus
983 1189 1091 1262 potest,
1113 1185 1219 1244 orandi
1242 1185 1300 1244 mi-

283 1299 339 1340 nor
350 1281 407 1357 vis,
421 1286 456 1339 ut
470 1281 588 1339 dicatur
602 1280 727 1358 aliquid,
750 1287 818 1360 post
831 1281 911 1359 quod
926 1282 958 1340 in
979 1281 1086 1341 eadem
1105 1283 1232 1342 materia
1252 1283 1299 1342 ni-

284 1378 328 1437 hil
343 1378 505 1437 dicendum
525 1379 573 1437 sit.
600 1378 659 1438 Sed
684 1383 747 1438 esto
769 1397 867 1458 neque
888 1378 998 1439 melius
1023 1379 1103 1458 quod
1125 1380 1299 1440 invenimus

258 1548 508 1615 Paraplrrasirn.
537 1547 682 1618 Quinti,
707 1549 734 1617 9,

222 1620 250 1687 2,
266 1621 365 1693 parmi
376 1618 419 1673 les
431 1619 579 1674 exercices
594 1619 646 1674 des
657 1635 736 1676 com-

223 1695 382 1758 menqants
407 1690 452 1744 dit
476 1689 551 1761 qu'il
573 1690 641 1746 faut
668 1691 736 1747 leur

223 1762 414 1836 apprendre:
446 1762 654 1830 Paraplarasi
678 1779 735 1818 aa·

223 1837 339 1890 itacios
354 1838 478 1887 vertere
491 1832 614 1905 (Aesopi
635 1833 736 1890 fabel-

222 1906 291 1976 las),
308 1906 387 1974 qaia
410 1909 440 1959 et
464 1906 611 1960 breviare
634 1921 736 1975 qnae-

223 1981 300 2032 caan
314 1982 345 2031 et
361 1990 522 2030 exornare
537 1978 626 2032 solvo
643 1980 734 2032 niodo

217 2054 332 2117 poetae
347 2063 457 2102 sensn>
463 2049 684 2114 permittitur.
708 2048 735 2104 Il

222 2125 268 2175 est
295 2119 424 2175 attribui
451 2117 469 2171 it
492 2123 569 2174 cette
596 2118 681 2192 place
705 2124 735 2175 et

222 2193 408 2246 missateta
431 2204 509 2260 pour
531 2190 635 2245 mieux
654 2191 734 2264 trap-

220 2261 466 2336 perl'attention.

258 2337 350 2390 Circa
362 2335 489 2388 eosdem
502 2346 618 2388 sensas
631 2349 641 2387 .·
656 2347 734 2404 pour

220 2405 418 2479 l'expression
446 2403 498 2457 des
521 2408 635 2460 memes
662 2421 734 2478 pen-

222 2473 470 2546 mmmmm

255 2549 429 2603 Dissentio.
438 2546 578 2602 Ceoiraii
590 2547 733 2603 l'adresse

221 2620 257 2675 dc
271 2620 406 2682 Ciceron,
429 2618 482 2688 qui
523 2635 556 2674 ar
570 2619 600 2674 la
615 2620 733 2675 boucha

220 2693 257 2747 de
272 2693 401 2747 Crassus
427 2705 483 2743 con
507 2706 596 2746 amne
620 2690 651 2745 la
674 2691 734 2746 md-

222 2764 312 2819 thode
337 2760 507 2818 consistant
531 2764 549 2816 a
570 2762 733 2834 reprendre

220 2852 292 2891 sous
312 2851 372 2890 une
392 2835 478 2888 autre
499 2833 596 2889 forme
618 2833 670 2888 des
685 2849 734 2888 su-

216 2910 276 2980 jets
305 2908 372 2978 ddja
391 2903 496 2959 traite's
519 2921 575 2978 par
602 2904 734 2960 d'autres

221 2997 258 3035 en
270 2980 348 3034 latin
361 2995 368 3044 3
381 2981 420 3032 cte
445 2976 530 3043 Orat,
547 2977 571 3040 I,
584 2976 630 3043 34,
656 2976 709 3032 154
725 2995 732 3030 :

220 3047 452 3106 Animadverti
467 3049 522 3102 hoe
541 3063 608 3102 esse
624 3050 661 3101 in
676 3049 733 3102 noe

220 3124 306 3189 vitii,
332 3125 417 3191 qnod
449 3134 488 3174 ea
517 3121 612 3174 cerba
649 3133 732 3188 qnae

221 3196 366 3248 nraoeinre
397 3197 556 3262 cujusque
584 3192 634 3245 rei
654 3205 734 3260 pro-

216 3267 292 3334 pria
308 3280 455 3335 qnaeqne
470 3267 576 3317 essent
592 3263 733 3317 ornatis-

219 3340 306 3392 sirna
321 3342 419 3406 atqne
434 3336 567 3404 aptiora,
585 3347 733 3400 occupas-

219 3414 266 3464 set
281 3413 342 3463 ant
361 3411 525 3463 Eunias...
551 3409 611 3460 ant
636 3406 732 3460 Grac-

219 3482 332 3536 ctnrs...
349 3481 409 3545 ita,
435 3480 462 3535 si
485 3478 603 3531 iisdem
628 3477 732 3530 verbis

220 3557 341 3614 uterer,
379 3552 467 3605 nihii
491 3551 665 3616 prodesse;
702 3548 732 3602 si

220 3625 309 3689 aliis,
327 3624 429 3677 etiam
449 3623 564 3687 obesse,
584 3634 658 3673 enni
675 3621 732 3673 rni-

219 3712 281 3749 nns
309 3696 435 3748 idoneis
464 3694 515 3747 nti
550 3705 732 3746 consuesce-

218 3782 298 3821 rern.
335 3766 466 3821 Crassus
501 3778 579 3818 nous
617 3761 731 3817 semble

218 3839 304 3894 avoir
318 3838 422 3893 raison
436 3853 489 3891 sur
503 3851 535 3890 ce
557 3833 644 3906 point
663 3848 732 3888 con-

220 3915 263 3964 tre
278 3909 393 3976 Quint,
418 3912 484 3963 tout
500 3922 539 3960 au
563 3906 662 3960 moins
685 3904 731 3959 s'il

220 3982 373 4052 s'agissait
400 3980 435 4034 de
463 3979 571 4034 resaire
600 3976 731 4048 quelque

218 4069 321 4108 ocurre
355 4049 576 4123 remarqualilc.
616 4050 663 4122 Gt.
702 4047 730 4102 le

217 4141 348 4198 praesage
378 4125 413 4178 de
438 4124 482 4178 lia
504 4121 639 4191 Bruyere
668 4118 730 4182 (des

818 1547 845 1603 6.
861 1549 936 1603 Nisi
951 1547 1070 1618 forte...
1090 1549 1150 1603 ois.
1166 1548 1212 1603 af.
1227 1547 1299 1620 plus

783 1617 870 1686 haut,
885 1619 913 1688 2,
928 1619 946 1676 8
963 1621 1040 1674 :nisi
1050 1619 1135 1690 forte
1148 1625 1298 1675 nostra...

786 1695 931 1758 tempora
976 1693 1211 1746 darnnarnns...
1261 1696 1299 1745 nt

784 1777 913 1818 nnnc...
926 1762 1013 1817 nihil
1027 1767 1158 1817 creseat.
1175 1763 1218 1817 Ici
1229 1765 1298 1818 nisi

782 1833 867 1902 forte
883 1836 929 1889 est
952 1833 1091 1905 employe
1115 1849 1232 1889 comme
1252 1849 1298 1889 an

783 1919 868 1971 cero,
906 1919 978 1959 aveo
1000 1920 1061 1959 une
1093 1904 1296 1976 proposition,

783 1976 836 2046 qui
851 1977 943 2031 serait
953 1975 1022 2046 plus
1035 1977 1298 2047 rigoureusement

782 2048 906 2102 amenec
933 2062 989 2117 par
1003 2062 1089 2114 enin,
1116 2063 1194 2119 pour
1212 2056 1298 2102 'con-

783 2116 865 2172 clure
888 2118 915 2173 le
940 2119 1167 2173 raisonnement
1188 2134 1209 2174 a
1233 2119 1298 2187 for-

784 2191 875 2245 tiori.
895 2190 936 2245 Ge
955 2190 1186 2245 raisonnement
1206 2189 1297 2245 d'ail-

780 2259 863 2331 leurs
879 2277 917 2316 ne
932 2277 1045 2332 prouve
1061 2263 1136 2329 rien,
1152 2260 1297 2316 lasimili-

781 2331 1297 2458 tudesurloquelleilreposeetant

780 2406 942 2476 purament
969 2405 1073 2461 astice.

816 2477 1033 2530 Histrionnni.
1060 2477 1110 2531 Au
1134 2478 1234 2548 temps
1258 2475 1296 2532 de

781 2546 885 2612 Quint.
916 2562 948 2602 ce
977 2549 1072 2603 terme
1106 2547 1230 2619 designa
1259 2547 1296 2603 de

804 2618 953 2674 reference
976 2616 1004 2673 le
1019 2619 1209 2691 pantomimo
1225 2635 1233 2688 3
1255 2619 1296 2674 ici

780 2634 906 2744 Faciem
919 2705 957 2745 en
981 2690 1114 2760 general.
1130 2721 1166 2730 —
1186 2692 1295 2745 Malta

781 2762 936 2816 variare:
971 2764 1092 2816 rendre
1128 2776 1190 2830 par
1228 2777 1294 2817 nne

780 2835 908 2901 prande
923 2830 1048 2888 variete'
1070 2835 1108 2887 de
1127 2837 1231 2902 pestes
1248 2835 1295 2889 ies

782 2904 901 2959 menies
911 2907 1053 2972 paretes.
1065 2905 1151 2959 Nous
1162 2903 1295 2959 doutons

780 2990 841 3045 que
864 2975 908 3030 les
929 2976 1041 3046 grands
1068 2977 1187 3031 acteurs
1204 2988 1299 3031 sous-‘

780 3046 926 3101 criventri
941 3049 1018 3102 cette
1029 3047 1161 3102 maniere
1171 3047 1293 3103 devoir.

780 3116 827 3171 Cf.
844 3132 876 3172 ce
901 3113 959 3188 que
983 3118 1125 3173 Macrohe
1148 3134 1226 3174 nous
1249 3118 1312 3173 ditv

780 3188 816 3243 de
830 3188 956 3244 Cice'ron
971 3192 1002 3244 et
1017 3190 1054 3244 de
1075 3190 1214 3253 Roscius,
1239 3192 1294 3245 Sa-

781 3265 870 3314 tnrn.
897 3261 937 3323 ΙΙ,
965 3261 1022 3316 lo:
1053 3263 1142 3316 Satis
1166 3265 1295 3317 constat

779 3334 973 3387 contendere
1002 3347 1077 3386 enni
1115 3347 1189 3389 cani
1224 3335 1293 3400 ipso

780 3403 939 3458 histrione
947 3405 1093 3471 solitam,
1106 3409 1221 3459 ntrnni
1234 3405 1291 3459 itte

779 3475 911 3542 saepias
926 3477 1074 3530 carnatem
1090 3477 1292 3531 sententiani

779 3548 885 3601 variis
913 3547 1056 3615 pestibus
1072 3548 1225 3620 efficeret,
1246 3562 1291 3601 an

779 3620 847 3685 ipse
858 3632 919 3685 per
934 3620 1137 3687 eloquentiae
1165 3619 1293 3687 copiam

779 3704 927 3744 sermone
949 3691 1076 3745 diverso
1092 3691 1291 3760 pronuntin-

778 3765 838 3816 ret.

813 3835 922 3887 Esto...
954 3847 1030 3887 esse.
1075 3831 1174 3887 Meme
1206 3847 1293 3887 cona-

778 3904 910 3957 truction
926 3903 996 3957 chez
1008 3904 1135 3971 Horace,
1151 3906 1206 3972 Ep.
1224 3903 1248 3969 Ι,
1264 3904 1291 3972 1,

776 3974 832 4029 81;
863 3977 948 4040 Este,
977 3977 1056 4029 aitis
1083 3977 1167 4030 aiios
1196 3977 1293 4030 rebus

777 4046 961 4112 studiisque
979 4047 1084 4100 teneri
1100 4063 1109 4100 :
1125 4047 1227 4101 iidem
1243 4062 1294 4101 ea·

778 4118 850 4169 dein
866 4122 1004 4182 possnnt
1026 4119 1140 4172 horam
1165 4120 1291 4174 durare

217 4212 367 4267 cirringes
396 4196 432 4250 de
461 4194 586 4265 l'esprit,
614 4193 730 4260 litque
772 4188 958 4254 probantes.
988 4187 1062 4242 Plus
1091 4192 1223 4244 souvent
1253 4195 1291 4244 nt

217 4286 295 4325 nous
309 4283 406 4324 avons
416 4267 472 4322 cite
488 4268 515 4331 1,
529 4265 556 4320 8.

778 4273 850 4313 avec
864 4257 892 4311 le
913 4259 1090 4330 subponant,
1114 4276 1153 4315 ou
1169 4259 1291 4334 simplo-
