2872 4966
690 301 850 369 ..3ss-

222 447 224 451 4
297 459 327 516 61
340 455 400 517 vita
414 454 531 535 longior
545 455 729 534 contigisset.
773 456 878 518 Inveni
895 457 947 536 qui
963 458 1034 521 Cal
1045 479 1094 520 vu
1105 480 1137 521 m
1158 462 1296 540 praeter*

295 561 364 615 rent
387 557 539 634 omnibus,
566 557 669 616 inveni
692 556 744 634 qui
769 557 905 617 Ciceroni
921 558 1090 634 crederent,
1108 578 1179 619 eum
1198 563 1295 624 nimia

297 660 400 715 contra
426 674 457 714 se
481 655 634 715 calumnia
656 673 763 714 verum
788 657 968 733 sanguinem
983 658 1162 736 perdidisse,
1179 660 1232 720 sed
1246 666 1292 721 est

296 758 326 812 et
345 759 448 814 sancta
483 759 513 812 et
533 753 633 831 gravis
649 754 742 814 oratio
759 759 789 813 et
803 755 947 832 castigata
962 762 992 815 et
1006 757 1182 835 frequenter
1194 758 1290 819 vehe-

296 871 384 912 mens
399 871 533 931 quoque.
574 852 712 912 Imitator
726 857 829 911 autem
844 858 890 911 est
904 853 1085 930 Atticorum,
1104 856 1235 934 fecitque
1249 857 1292 917 illi

218 949 276 1013 116
297 956 455 1030 properata
471 969 553 1010 mors
567 950 724 1028 injuriam,
741 950 767 1009 si
782 951 856 1029 quid
870 950 1045 1029 adjecturus
1055 953 1122 1013 fuit.
1153 955 1191 1013 Et
1205 955 1225 1014 S
1237 974 1254 1014 6
1264 975 1294 1015 r·

295 1050 389 1109 vius
413 1048 638 1127 Sulpicius
653 1049 806 1125 insignem
820 1068 881 1108 non
895 1049 1048 1109 immerito
1065 1050 1179 1110 famam
1193 1051 1292 1111 tribus

296 1146 482 1207 orationibus
506 1147 629 1207 meruit.
673 1146 779 1225 Multa,
806 1147 832 1206 si
853 1166 924 1207 cum
936 1147 1049 1224 judicio
1064 1148 1192 1226 legatur,
1209 1149 1294 1210 dabit

217 1311 275 1381 ot:
292 1325 515 1380 quaecumque
526 1311 595 1377 eJ'us
614 1309 650 1364 in
666 1309 730 1364 661-

217 1385 315 1438 16661
329 1382 468 1452 fortuua
482 1383 533 1435 661
546 1396 637 1436 ruens
651 1381 727 1450 fuit.

252 1453 448 1509 06166660.
471 1452 607 1507 Licinius
629 1453 729 1507 Macer

216 1526 260 1594 (82
275 1525 361 1594 aas),
378 1525 504 1596 conquIt
518 1539 634 1578 comme
658 1539 729 1578 ora-

216 1604 283 1660 teur
298 1612 357 1651 une
376 1596 491 1666 grande
506 1595 677 1650 renommee
690 1611 728 1650 en

216 1671 361 1723 accusant
375 1667 526 1723 Vatinius.
543 1667 618 1722 Tne.
640 1669 726 1722 Dial.

214 1740 268 1795 34:
299 1741 471 1793 Vatinium
498 1739 545 1793 eis
571 1740 727 1793 orationi-

215 1813 273 1866 bus
294 1813 464 1866 insecutus
488 1814 545 1875 est,
573 1811 728 1878 666616-

215 1885 331 1952 dieque
346 1896 421 1937 curn
439 1882 663 1937 admiratione
681 1883 727 1936 le-

214 1956 334 2024 qimus,
347 1953 384 2008 61.
399 1954 442 2008 ib.
462 1952 508 2007 et.
523 1951 549 2006 ll
559 1952 632 2007 etait
642 1952 726 2007 l'ami

214 2022 724 2094 (1611616116661661616166616116·

214 2097 320 2168 ilngub
339 2100 369 2150 et
384 2095 556 2150 adversatio
572 2095 608 2150 de
622 2095 724 2150 Cesar.

214 2169 262 2224 En
290 2167 454 2238 eloquenoe
480 2165 502 2220 il
525 2167 726 2238 represenlait

214 2255 276 2295 non
291 2254 363 2294 sans
376 2237 453 2292 eolat
467 2236 569 2293 l’eoole
585 2237 638 2292 des
657 2239 726 2292 neo-

214 2311 359 2382 altiques‚
371 2324 403 2364 66
417 2309 471 2381 qui
483 2309 518 2363 fit
527 2324 586 2381 que
599 2309 726 2364 Ciceron

213 2382 241 2437 le
257 2384 394 2437 trouvat:
410 2395 613 2449 easanquent
628 2386 659 2435 et
679 2386 726 2436 at-

215 2456 344 2519 tritum,
360 2453 464 2506 tendis
488 2467 546 2522 que
569 2451 725 2507 lui-meme

213 2524 386 2595 reproohait
410 2524 428 2576 a
455 2522 581 2577 Ciceron
612 2522 724 2578 d'btre:

212 2593 725 2664 soluturu-eteneroern.Songenre

212 2671 258 2722 est
269 2666 446 2722 caracterisb
462 2665 539 2719 dans
553 2665 723 2729 leBrutus,

210 2738 256 2803 82,
272 2737 325 2793 283
349 2741 379 2793 61
403 2737 481 2791 suiv.
503 2752 508 2791 :
532 2740 724 2793 accuratius

212 2811 378 2879 quoddam
393 2810 526 2864 dicendi
549 2813 579 2862 et
606 2810 725 2878 enqui-

212 2882 311 2935 sitius
320 2880 491 2950 adferebat
498 2895 623 2949 qenus;
639 2883 724 2949 quod

210 2967 413 3022 quamquam
435 2953 577 3007 scienter
598 2953 724 3020 elepan-

213 3029 323 3094 terque
342 3024 515 3089 tractabat,
525 3024 666 3077 nirniurn
678 3028 723 3078 ta-

212 3111 287 3150 rnen
311 3096 486 3164 inquirens
510 3097 547 3148 in
569 3109 602 3148 se
624 3099 722 3163 atque

212 3169 280 3235 ipse
295 3181 362 3222 6666
378 3167 551 3222 observans
567 3170 723 3221 metuens-

210 3253 271 3307 que
299 3253 339 3292 ne
363 3239 519 3292 vitiosum
543 3238 719 3305 comperet,

209 3311 311 3364 etiarn
326 3324 440 3363 oerurn
456 3309 655 3376 sanquinem
672 3311 722 3364 de-

204 3383 395 3448 perdebat,
412 3381 593 3434 Atticum...
606 3395 639 3434 66
655 3381 722 3435 dici

209 3457 370 3506 oratorem
392 3452 535 3516 ootebat;
551 3451 629 3504 inde
649 3457 723 3506 erat

209 3525 275 3578 ista
288 3524 432 3588 exilitas,
444 3537 545 3591 quarn
556 3524 614 3576 ille
625 3525 663 3576 de
672 3523 722 3576 in-

209 3596 341 3649 dustria
357 3594 623 3663 consequebatur.
642 3592 722 3649 C'est

206 3664 234 3721 le
241 3666 407 3791 fjugement
426 3664 537 3736 auquel
564 3664 668 3728 Quint.
690 3680 721 3721 66

208 3753 238 3791 re
255 3752 313 3791 ere.

241 3808 424 3863 Calumnia.
436 3806 484 3862 Gt.
497 3805 578 3874 VIII,
586 3822 719 3878 prooem.

206 3877 265 3933 31:
288 3881 403 3933 nullus
429 3883 476 3933 est
494 3879 572 3949 finis
595 3881 722 3934 caluar-

208 3951 329 4004 niandi
356 3965 389 4004 se
418 3954 449 4004 et
476 3964 551 4004 curn
577 3951 721 4019 sinqatis

201 4036 308 4088 paene
319 4022 455 4088 syllabis
471 4022 719 4089 commoriendi,

811 1309 1292 1367 Etssaitetreaussi-Saucta

775 1401 807 1422 =
819 1383 1006 1436 solennelle.
1016 1381 1196 1437 Ciceronad
1206 1382 1290 1452 farn.

776 1451 841 1520 XV,
857 1453 934 1517 21,4
959 1452 1005 1507 lui
1020 1457 1177 1508 reconnait
1191 1454 1292 1527 impli-

776 1523 920 1578 oitement
934 1539 982 1578 666
999 1524 1141 1595 qualitas,
1158 1526 1236 1581 mais
1246 1526 1291 1582 lui

776 1595 876 1650 refusa
890 1594 921 1649 la
935 1596 1033 1651 force:
1050 1597 1176 1652 Multae
1193 1604 1291 1653 eraut

776 1671 807 1720 et
817 1668 1005 1721 reconditae
1017 1669 1157 1732 litterae,
1166 1670 1215 1724 616
1227 1684 1292 1725 666

776 1743 858 1792 erat.
884 1769 918 1776 —
942 1739 1134 1806 Castiqata:
1163 1739 1291 1798 Cicbron

775 1809 860 1863 avait
874 1809 919 1863 dit
931 1824 936 1863 :
948 1810 1015 1876 ipse
1026 1825 1093 1864 sese
1108 1812 1288 1868 observans.

774 1880 916 1935 D'autres
927 1883 1091 1936 custodita
1101 1899 1112 1948 ;
1123 1886 1288 1954 peut-etro:

775 1952 949 2007 concitata.
1072 1988 1075 1995 ,

809 2024 991 2090 Properate
1046 2039 1146 2080 mors.
1211 2025 1283 2088 Cra.

773 2096 868 2147 Brut.
883 2094 928 2160 81,
944 2095 1007 2149 279.
1034 2094 1173 2151 l'assooio
1193 2097 1290 2152 11116-

774 2165 859 2220 rion:
885 2164 1043 2234 facienda
1068 2169 1190 2222 metatio
1206 2173 1288 2223 est...

774 2239 1198 2306 duorumadolescentiuut,
1218 2243 1288 2309 qui,

774 2310 803 2363 61
834 2309 964 2362 diutius
991 2308 1159 2376 viaissent,
1195 2326 1290 2382 maq-

774 2384 978 2434 6666666661
997 2382 1201 2450 eloquentiae
1219 2385 1290 2438 lau-

774 2461 847 2512 dern
861 2453 1033 2508 consecuti.
1050 2483 1086 2492 -
1104 2455 1288 2521 Properate

771 2523 1011 2577 :immatura

807 2595 1012 2660 adjecturus.
1024 2591 1071 2647 Gt.
1081 2592 1153 2664 plus
1161 2595 1288 2664 666119

774 2664 879 2720 61110.
896 2665 954 2720 Les
970 2665 1050 2719 deux
1061 2665 1216 2723 mellleurs
1226 2685 1290 2723 ma-

773 2736 904 2790 nuscrits
932 2735 1107 2799 (Beruensis
1133 2743 1163 2792 et
1190 2740 1288 2795 Bam-

772 2806 939 2877 bergensis)
976 2823 1013 2862 ne
1041 2807 1178 2864 donnent
1205 2826 1287 2884 pas:

772 2879 915 2944 sibinen
931 2880 960 2933 61
969 2881 1049 2948 quid
1061 2881 1286 2950 detracturus,

772 2950 825 3021 qui
847 2949 962 3005 semble
993 2965 1054 3005 une
1082 2951 1176 3021 glosa.
1203 2953 1289 3010 Aves

771 3020 865 3075 Halm
894 3036 973 3075 nous
1006 3022 1202 3095 supprimens
1235 3041 1286 3081 ees

771 3095 861 3147 mols.

806 3164 869 3218 116.
884 3164 1029 3230 Servius,
1046 3165 1211 3236 Sulpicius
1223 3170 1288 3224 Itu-

770 3234 827 3304 166
852 3238 991 3290 morien
1012 3235 1057 3299 13,
1086 3252 1105 3291 6
1124 3238 1170 3292 ete
1185 3240 1287 3295 moins

771 3307 1285 3380 unorateurqu’unjurisoonsulte3

770 3381 800 3432 el
832 3376 894 3432 l'on
924 3381 997 3448 peut
1039 3378 1206 3455 s'e'tonner⁸
1227 3398 1287 3454 que

770 3449 874 3514 Quint.
901 3447 929 3503 16
957 3449 1015 3504 6116
1048 3451 1066 3504 d
1099 3455 1175 3506 66116
1198 3451 1286 3524 place

770 3520 875 3592 quand
890 3519 1015 3575 Ciceron
1031 3537 1048 3575 a
1064 3522 1109 3577 dit
1123 3524 1159 3578 de
1173 3523 1229 3590 lui,
1246 3540 1285 3581 en

770 3591 950 3647 s'associant
960 3591 1144 3649 lui-memeit
1158 3594 1263 3666 l’eloge
1276 3613 1283 3653 :

772 3667 807 3716 tu
832 3664 956 3718 videris
981 3664 1065 3734 (c’est
1087 3665 1202 3721 Brutus
1231 3668 1286 3739 qui

769 3734 865 3806 parle)
897 3739 1029 3790 tanturn
1056 3739 1150 3804 juris
1175 3740 1285 3795 6161116

770 3808 853 3861 scire
867 3808 1008 3861 66161666
1023 3814 1188 3875 quantuni
1201 3812 1286 3865 satis

770 3883 853 3932 66661
868 3879 993 3933 oratori
1017 3882 1048 3932 et
1072 3882 1203 3935 Servius
1218 3884 1286 3936 elo-

769 3951 925 4018 quentiae
964 3953 1094 4004 tantuna
1132 3967 1287 4021 assump-

769 4022 868 4084 sisse,
910 4023 947 4072 ut
967 4021 1026 4085 166
1066 4023 1162 4078 616116
1186 4023 1287 4093 facile

207 4093 245 4156 X,
270 4092 299 4158 3,
320 4093 377 4147 to:
401 4091 571 4161 infelicent
592 4096 721 4148 catuni-
764 4093 869 4158 possit
898 4091 995 4144 tueri.
1019 4091 1123 4158 (Brut.
1148 4094 1193 4162 40,
1208 4096 1284 4164 1501.

206 4166 325 4218 alandi
338 4179 370 4218 se
382 4178 535 4232 poenam.
561 4162 646 4218 Cette
662 4165 720 4220 dis·

203 4235 338 4307 position
358 4236 421 4290 d'es
445 4235 484 4297 rit
501 4236 547 4288 est
563 4237 721 4291 cerasten·

204 4306 337 4369 6661661
355 4322 395 4361 au
419 4252 493 4377 long
507 4320 563 4377 par
578 4304 681 4369 Quint.
703 4310 721 4362 a

202 4375 234 4431 la
247 4377 326 4432 66116
342 4378 379 4433 de
403 4380 480 4434 66116
495 4377 617 4450 phrase.

768 4162 872 4227 Quint.
889 4161 946 4215 cite
962 4162 980 4214 a
994 4176 1138 4220 nouveau
1153 4165 1197 4221 les
1209 4167 1285 4223 trois

768 4233 904 4288 discours
916 4232 952 4286 de
963 4231 1018 4286 Sul
1041 4234 1127 4304 icius,
1140 4236 1284 4308 plusbas,

767 4306 794 4370 7,
811 4303 855 4359 30.
869 4301 916 4358 cf.
930 4302 1001 4374 plus
1017 4250 1103 4376 1661,
1119 4310 1285 4366 66666616

766 4377 848 4430 note.
