2872 4966
625 323 663 340 -
687 293 746 357 117
764 326 805 339 -

171 440 307 505 dum‘es't
329 445 439 523 magis,
457 442 488 505 si'
505 444 715 506 difficultatem
737 445 809 507 tacit
834 444 982 507 doctrina.
1024 445 1092 506 Non
1115 455 1187 523 ergo

170 561 291 622 semper
305 549 448 623 putemus
462 544 613 624 optimum
628 562 694 604 esse
719 544 800 623 quod
823 544 913 605 latet:
942 543 1184 604 inmutescamus

106 720 107 724 Ἰ
156 640 292 728 alioqui,
317 641 343 701 si
367 643 444 703 nihil
469 642 633 703 dicendum
647 643 798 717 videatur,
814 641 874 702 nisi
895 641 976 720 quod
993 661 1054 702 non
1068 643 1185 703 inveni-

170 758 250 800 mus
293 741 456 802 Diversum
478 746 524 800 est
541 741 613 802 huic
628 759 735 801 eorum
749 741 871 818 vitium,
895 740 948 818 qui
964 740 1062 820 primo
1075 743 1184 806 decur·
1203 745 1244 808 17

140 907 142 911 ¹
170 856 238 899 rere
252 857 306 917 per
320 838 480 899 materiam
494 838 563 899 stilo
577 858 669 918 quam
684 838 875 899 velocissimo
888 837 993 899 volunt
1012 844 1041 899 et
1056 858 1186 920 sequen·

171 941 217 997 tes
239 936 370 998 calorem
393 942 485 1016 atque
514 937 663 1016 impetum
689 955 727 997 ex
751 941 888 1016 tempore
916 936 1076 1000 scribunt:
1105 939 1185 1002 hanc

172 1035 325 1096 silvam
352 1040 471 1096 vocant.
514 1036 668 1115 Repetunt
691 1035 801 1096 deinde
836 1039 866 1095 et
894 1041 1081 1114 componunt
1107 1056 1186 1117 quae

172 1133 362 1194 effuderant:
379 1133 432 1194 sed
445 1133 537 1195 verba
551 1133 754 1196 emendantur
768 1138 799 1194 et
812 1131 947 1208 numeri,
975 1139 1078 1194 manet
1091 1120 1124 1196 in
1139 1155 1187 1198 re·

99 1270 103 1281 ,
171 1229 229 1291 hus
243 1236 357 1290 temere
370 1226 521 1308 congestis
535 1247 613 1308 quae
626 1228 685 1289 fuit
705 1228 824 1298 levitas.
866 1229 1010 1290 Protinus
1036 1250 1107 1310 ergo
1130 1234 1182 1294 ad·
1204 1233 1245 1295 18

170 1327 276 1389 hibere
289 1348 396 1389 curam
411 1329 524 1389 rectius
539 1327 597 1387 erit
612 1333 705 1406 utque
718 1326 757 1389 ab
771 1329 858 1390 initio
873 1328 916 1388 sic
930 1347 1006 1408 opus
1018 1330 1141 1412 ducere,
1152 1339 1188 1394 ut

168 1427 359 1504 caelandum,
385 1445 447 1486 nou
473 1444 511 1486 ex
535 1425 653 1502 integro
679 1425 893 1487 fabricandum
921 1427 973 1496 sit.
1013 1428 1187 1508 Aliquando

169 1526 272 1587 tamen
294 1525 432 1586 adiectus
451 1540 628 1602 sequemur,
654 1522 688 1583 in
703 1522 816 1602 quihus
830 1525 894 1585 fere
907 1525 976 1605 plus
990 1526 1072 1588 calor
1094 1545 1187 1606 quam

169 1623 327 1702 diligentia
340 1622 434 1684 valet.
698 1620 701 1628 ’

210 1739 291 1801 Satis
307 1742 432 1818 apparet
446 1755 483 1798 ex
497 1754 544 1813 eo,
560 1735 642 1814 quod
657 1735 737 1797 hanc
749 1734 950 1798 scribentium
964 1740 1186 1819 neglegentiam

165 1839 290 1917 damno,
315 1835 450 1916 quidde
474 1835 535 1896 illis
558 1833 692 1895 dictandi
720 1833 837 1895 deliciis
867 1836 1009 1898 sentiam.
1050 1837 1131 1901 Nam
1156 1841 1189 1902 in

167 2080 306 2155 precede.
325 2110 361 2121 -
375 2075 684 2135 Gerturdetermines
766 2077 812 2133 18.
826 2079 986 2137 Protinus
1000 2100 1033 2127 =
1052 2082 1093 2138 ab
1127 2082 1252 2149 r'm'tto,·

167 2152 269 2228 parlo
282 2153 494 2207 causememe.
535 2186 537 2190 -
732 2163 807 2205 aveo
828 2148 995 2208 insistance
1019 2155 1049 2207 et
1075 2167 1114 2209 en
1135 2154 1196 2209 tete
1214 2152 1252 2210 do

202 2227 488 2280 Immutesccmus.
508 2218 588 2276 Raro
606 2235 686 2293 pour
731 2220 762 2277 la
776 2234 831 2293 pm
854 2221 965 2279 osition
984 2236 1062 2295 pour
1076 2239 1206 2297 opposer
1220 2239 1253 2282 ce

167 2298 393 2353 obmutescere.
419 2291 465 2348 De
479 2290 683 2357 memeStece,
731 2292 820 2365 proce
844 2293 860 2348 e
883 2294 903 2348 t
924 2293 1003 2351 celui
1016 2295 1072 2366 qui
1092 2297 1140 2351 est
1153 2311 1252 2352 cerac·

170 2368 257 2424 Theb.
268 2365 320 2429 VI,
330 2364 403 2421 184:
420 2363 604 2432 abruptis...
625 2364 685 2419 tm·
732 2362 822 2418 terise
837 2367 944 2422 avant.

169 2439 293 2494 mutuit
307 2451 361 2493 ore
398 2435 531 2491 ueretts.
548 2465 583 2473 -
596 2427 685 2490 'Atto-
768 2436 852 2504 Opus
867 2439 996 2493 ducere.
1012 2435 1095 2493 Avec
1110 2435 1140 2492 le
1154 2440 1264 2502 memo⁸

166 2452 416 2641 munis,
434 2505 684 2648 uetustis
731 2506 1253 2648 truestt-tumuere

166 2652 269 2719 Quint.
283 2650 331 2707 Cf.
345 2648 416 2721 plus
430 2648 497 2710 has.
510 2646 556 2703 30.
732 2663 827 2705 memo
841 2651 960 2706 Varius
975 2652 1078 2708 ducit.-
1092 2649 1253 2723 S’emploie

201 2725 246 2779 17.
262 2721 432 2777 Diversum
455 2734 527 2773 avec
550 2717 578 2772 le
604 2716 685 2774 datif
732 2721 794 2775 tres
809 2724 940 2776 souvent
978 2737 1035 2777 our
1055 2721 1253 2779 caracteriser

166 2790 411 2863 n'estusuelque
426 2789 504 2845 dens
517 2786 684 2845 lalotinite
731 2790 857 2847 l'oeuvro
879 2793 1037 2917 Rotuque,
1058 2791 1212 2848 assimilee
1235 2793 1254 2847 t

165 2863 443 2993 ἓξώεῡὲρἕτῗιπῑ
460 2859 685 2987 ffggogoluEi-ci
732 2863 887 2989 uasto-letifica
915 2862 1253 2990 dg.f¹¹‘?¹¹¹'⁰¹¹d'³fi{jt⁰

208 2978 215 2992 ·
358 2950 374 2989 0
581 2971 588 2994 ‚
673 2973 681 2988 ·
892 2978 897 2990 .
954 2950 1015 2990 msr
1039 2950 1170 2991 carmem
1220 2951 1254 2989 u-

165 3009 190 3073 Ι,
201 3007 246 3070 18,
265 2951 305 3062 5?
323 3008 381 3070 Est
409 3005 486 3059 huie
515 2947 684 3058 reversatio
731 2948 814 3071 iere,
856 3021 885 3060 v.
906 3007 1005 3063 Trist.
1034 3005 1060 3073 1,
1075 3006 1121 3072 11,
1145 3005 1199 3075 18;
1223 3007 1254 3061 et

164 3081 245 3135 uttio
259 3079 379 3133 vitium
389 3089 490 3146 prope
502 3075 622 3139 neojur.
635 3074 684 3131 Un
732 3077 890 3132 deducere
922 3091 1042 3133 versus.
1075 3077 1156 3133 Hon.
1183 3079 1251 3133 Sat.

164 3149 302 3222 exemplo
318 3147 390 3204 chez
411 3146 513 3210 Cesar,
531 3146 611 3200 Bett.
622 3148 683 3204 ctu.
731 3145 771 3211 ΙΙ,
784 3147 812 3208 1,
820 3148 847 3203 4.
864 3147 912 3203 Cf.
936 3151 993 3218 Ep.
1010 3147 1157 3214 11,1‚225
1173 3162 1180 3203 :
1205 3152 1254 3204 te-

164 3222 191 3287 3,
200 3221 245 3284 30,
260 3219 296 3277 2:
313 3217 517 3276 diversoum·
532 3217 684 3287 coucilia,
732 3218 793 3273 uui
807 3221 946 3275 deductu
958 3224 1111 3288 poemata
1125 3221 1191 3291 filo.
1204 3219 1253 3274 Au

165 3310 216 3422 {i}
229 3307 299 3347 sens
323 3290 360 3349 de
377 3289 559 3348 contraria.
581 3286 629 3342 Cf.
645 3289 683 3344 K.
731 3289 859 3419 istin⁸2iitl
873 3290 983 3417 tragail
998 3290 1081 3416 della
1095 3289 1253 3358 statuane,

201 3379 302 3501 §itere
327 3443 453 3498 Comme
473 3438 501 3495 le
529 3455 598 3512 grec
618 3430 683 3510 ὕλη,
733 3361 1254 3489 tiiAteuuudiietiitttuiririiniour-

163 3516 203 3573 ici
216 3533 256 3572 au
273 3530 343 3573 sens
359 3514 397 3570 de
422 3511 606 3576 troutuom
628 3509 685 3565 fre·
733 3505 853 3560 lautia.
882 3504 984 3560 VERG·
1012 3507 1074 3560 En·
1096 3503 1146 3566 VI,
1174 3502 1251 3558 847:

164 3589 260 3660 qu'ent
281 3586 353 3642 chez
383 3583 520 3646 Ciceron,
554 3581 633 3637 mais
655 3579 685 3637 le
732 3577 820 3631 vivos
849 3577 970 3652 ducent
1008 3577 1048 3632 de
1087 3588 1252 3629 marmore

163 3658 233 3730 plus
255 3659 388 3714 souvent
410 3654 614 3726 accompagn&
635 3667 686 3708 en·
731 3648 854 3712 uultus,
874 3649 904 3702 et
930 3647 1034 3712 Quint.
1049 3644 1119 3730 plus
1134 3644 1201 3710 has,
1221 3645 1251 3711 ὃ,

163 3745 230 3786 core
245 3727 464 3799 decunctor.
479 3723 507 3787 3,
533 3725 591 3780 12:
615 3738 686 3779 om·
730 3720 748 3774 9
764 3732 771 3774 :
793 3720 907 3773 eudem
918 3732 995 3774 cero
1010 3720 1100 3774 atrae
1121 3716 1250 3787 formae

163 3803 216 3857 uis
233 3802 365 3856 ubertas
381 3800 412 3854 et
427 3795 525 3866 quasi
540 3797 626 3852 sitve
639 3794 686 3850 ot·
732 3789 935 3844 duetsoteut.
1318 3793 1321 3798 ·

162 3874 267 3928 ceudt.
296 3870 343 3925 Cf.
364 3869 458 3926 Sunr.
490 3869 604 3922 (tram.
624 3866 684 3922 24:
767 3862 956 3930 Sequemur.
972 3857 1016 3913 Lo
1031 3856 1118 3914 futur
1140 3856 1193 3913 des
1209 3871 1252 3913 re·

162 3944 309 4014 Reliquit
324 3957 390 3996 uon
413 3940 609 3994 mediocrem
630 3937 686 3993 otl-
731 3930 996 3986 commendatione
1035 3927 1248 4012 magistrales,

162 4029 238 4069 ram
266 4013 530 4070 obseruationum
567 4023 686 4065 sermo·
732 4002 875 4074 frequent
892 4001 964 4057 chez
985 4000 1091 4067 Qumt.
1106 3999 1154 4055 Cf.
1180 3999 1251 4072 plus

163 4087 216 4140 uto
244 4085 379 4155 outtqui
413 4080 570 4154 (Probus).
602 4082 687 4136 Gom
731 4071 1099 4157 haut,‚1‚'580ttanoto.
1213 4140 1220 4154 ι

157 4161 298 4225 pouuut.
330 4151 474 4210 S’entend
499 4150 536 4207 de
560 4150 687 4208 l'srran·
767 4146 898 4201 Detectrs
916 4159 922 4200 :
940 4147 979 4199 de
996 4145 1117 4212 t'uoaqe
1132 4143 1171 4196 rte
1185 4142 1251 4196 dre·

164 4229 286 4298 gement
297 4225 334 4282 de
346 4224 377 4280 la
397 4224 517 4296 phrase.
534 4221 583 4280 Cf.
599 4222 623 4291 Ι,
639 4221 685 4285 44,’
733 4221 783 4272 ter
798 4216 858 4286 qui
873 4220 922 4271 eet
934 4217 965 4298 st
978 4215 1047 4284 sort
1061 4229 1102 4296 eu
1117 4212 1249 4282 fureur,

162 4298 198 4360 66
212 4297 299 4354 otte.
400 4316 402 4318 ·
732 4303 771 4343 au
794 4287 856 4343 lieu
877 4286 1001 4342 d'ecmre
1024 4283 1189 4339 sor-meme
1202 4296 1251 4338 ses
