2872 4966
575 283 742 348 ..53-

112 453 384 519 Demosthenes
407 473 442 515 ae
453 473 548 534 paene
558 453 784 515 lexorandifuit
797 460 896 517 :tanta
910 454 955 517 vis
967 455 997 516 in
1013 475 1058 535 oo,
1071 464 1132 519 tam

114 555 213 615 densa
237 554 351 630 omnia,
376 554 418 614 ila
438 553 621 632 quibusdam
636 555 737 613 nervis
752 554 868 614 intenta
882 560 965 633 sunt,
982 561 1044 616 tam
1059 559 1134 618 nihil

116 654 267 731 otiosum,
284 653 310 712 is
324 651 444 712 dicendi
461 651 582 728 modus,
598 658 632 711 ut
645 671 701 712 nec
715 653 796 731 quod
811 653 889 713 desit
902 654 934 712 in
946 673 981 714 co
992 674 1048 715 nec
1057 657 1137 734 quod

55 742 58 753 ⁸
113 750 268 812 redundet
283 751 430 811 invenias,
474 749 598 811 Plenior
618 751 822 811 Aeschines
845 758 875 812 et
890 753 987 831 magis
998 755 1087 815 susus
1106 760 1136 815 el
1158 755 1195 815 77

121 848 278 928 grandiori
294 849 415 926 similis,
431 848 608 927 quominus
624 849 747 908 strictus
761 856 818 928 est,
838 852 938 911 carnis
953 858 1055 912 tamen
1070 853 1138 932 plus

152 1017 370 1084 Demosthene,
395 1018 437 1072 du
466 1017 566 1088 baurg
594 1017 630 1072 de

114 1090 250 1146 Paeanis
266 1088 411 1157 (eadem).
429 1090 511 1143 Pour
523 1088 567 1144 les
582 1089 631 1143 de-

116 1161 202 1230 tails,
218 1176 248 1215 v.
262 1160 301 1215 H.
318 1160 423 1223 Wern,
443 1162 497 1215 Vie
513 1162 551 1215 de
566 1162 630 1215 De-

118 1233 296 1297 mosthene,
312 1247 351 1286 en
364 1235 424 1287 tete
439 1231 477 1287 de
491 1231 629 1286 l'edition

116 1305 173 1359 des
209 1305 432 1372 Herennues,
471 1302 630 1358 collection

118 1375 173 1430 des
189 1375 320 1430 editions
336 1378 491 1429 savardes,

155 1448 224 1502 Leia
251 1447 382 1501 orandi.
412 1445 563 1501 Sonvenir
590 1446 631 1501 du

117 1521 246 1573 Brutus
262 1517 300 1585 (9,
313 1516 369 1583 35),
390 1517 444 1588 qui
466 1517 545 1573 dieta
561 1516 631 1590 plus

117 1589 210 1645 d'une
226 1589 284 1644 fois
299 1588 318 1642 e
332 1588 436 1654 Quint.
456 1587 500 1643 les
522 1593 632 1645 termes

117 1661 157 1717 do
173 1676 221 1716 ses
232 1661 407 1732 jugenients
430 1675 483 1714 sur
504 1660 547 1715 les
569 1677 633 1714 orer·

116 1735 203 1788 leurs
235 1731 391 1802 altiques:
416 1733 502 1785 Nam
532 1733 632 1800 plane

117 1805 254 1874 quidem
264 1802 450 1871 perfectum
466 1807 496 1856 et
512 1805 566 1858 cai
583 1805 632 1856 ni-

118 1876 170 1930 hil
190 1875 370 1928 admodum
398 1875 482 1928 desit
507 1877 632 1929 Demos·

121 1947 253 2000 thenem
269 1944 369 2013 facile
383 1946 524 2001 dixeris.

160 2019 226 2071 Vis.
255 2015 337 2070 C'est
363 2014 395 2070 la
425 2015 541 2086 qualite
573 2032 632 2087 quo

116 2087 166 2144 les
194 2088 333 2142 rheteum
359 2101 444 2157 grecs
477 2087 633 2175 appellent

119 2168 193 2223 ehez
209 2165 414 2222 Demosthene
430 2158 567 2237 δεινοτης.
584 2167 631 2221 Cf.

118 2246 202 2302 Dus.
222 2240 284 2314 περὶ
302 2248 352 2316 της
369 2239 396 2296 λ.
408 2241 444 2296 Δ.
463 2239 633 2317 δεινότητος.

119 2320 269 2372 —Densa
285 2318 401 2372 revient
419 2325 548 2373 sonvenl
562 2335 633 2373 sous

118 2388 263 2460 laplume
279 2389 315 2444 de
323 2387 427 2454 Quint.
443 2389 493 2445 cf.
512 2390 547 2444 l8
562 2395 591 2444 el
603 2389 634 2444 lu

118 2465 211 2528 note3
239 2459 291 2514 73:
322 2461 481 2515 Densus...
513 2463 632 2528 Thucy-

119 2533 235 2595 dides‚·
250 2530 322 2586 106:
337 2533 471 2586 densior
484 2533 542 2587 ille
564 2532 633 2601 (De-

118 2602 321 2670 mosthenes),
331 2603 383 2658 hic
393 2602 519 2670 (Cicero)
534 2606 629 2671 copio-

118 2676 200 2731 sior.
220 2673 300 2729 Chez
313 2673 357 2728 les
373 2674 513 2729 rheteurs
535 2690 631 2746 grece,

117 2747 152 2805 τὸ
167 2745 280 2820 πυκνόν,
297 2749 314 2824 ἡ
332 2745 480 2824 πυκνότης.

156 2827 365 2888 Quibusdam,
387 2825 510 2881 adoni-it
527 2842 559 2880 ee
571 2842 630 2897 que

682 1019 754 1074 d’un
770 1021 892 1077 homme
906 1022 942 1078 de
958 1026 1049 1093 goul:
1065 1025 1192 1094 Dialon.

682 1108 708 1147 s.
741 1094 943 1162 l'eloquence,
970 1094 1003 1150 I:
1034 1097 1195 1151 ‹Demos-

684 1165 777 1218 thene
793 1167 911 1228 emeat,
928 1166 1077 1234 echauffe
1093 1172 1124 1221 el
1139 1182 1192 1222 en-

685 1236 794 1289 trntne
811 1237 856 1290 les
872 1251 988 1302 eoeurs,
1011 1240 1066 1293 etc.
1085 1240 1193 1293 Letlre

682 1305 703 1361 d
720 1309 923 1374 l'Academie‚
935 1309 952 1362 d
965 1311 1194 1365 :Demosthene

678 1380 797 1446 paruit
811 1381 913 1433 sortir
928 1382 967 1434 de
982 1383 1077 1448 soi...,
1094 1385 1150 1436 ele.

718 1467 765 1522 77.
797 1468 981 1536 Aeschines,
1001 1467 1029 1523 le
1057 1469 1132 1524 rival
1159 1470 1195 1525 de

683 1537 888 1594 Demosthene
926 1555 963 1593 θη
1009 1540 1194 1611 eloquence,

683 1624 739 1663 son
755 1609 929 1665 adversane
943 1610 1020 1665 dans
1035 1611 1063 1666 Ie
1078 1615 1195 1668 Preces

683 1682 722 1734 de
739 1682 771 1734 la
787 1682 954 1735 Coaronne
981 1688 1012 1736 et
1035 1686 1073 1737 de
1101 1686 1193 1738 l'Am-

683 1754 830 1821 hassade,
860 1754 898 1806 ne
931 1754 948 1806 d
983 1754 1119 1810 Athenas
1158 1771 1194 1810 en

682 1823 735 1878 389
759 1839 807 1877 av.
832 1823 920 1891 l.-C.,
937 1829 1017 1879 niort
1043 1827 1061 1878 d
1087 1826 1195 1881 Samos

683 1911 720 1948 en
747 1895 813 1949 314.
850 1896 905 1949 N'a
927 1896 1001 1950 ecrit
1030 1912 1091 1968 que
1119 1898 1194 1952 trois

683 1966 894 2037 dissonisque
915 1982 993 2021 nous
1015 1968 1194 2039 possedons,

683 2037 727 2092 les
741 2037 821 2092 deux
836 2053 873 2092 θη
887 2039 1016 2108 reponse
1032 2039 1050 2093 e
1069 2040 1195 2095 Demos-

684 2109 776 2163 thene
791 2112 820 2163 et
835 2125 877 2162 un
902 2109 1060 2182 plaidoyer
1083 2116 1194 2166 contre

689 2182 874 2248 Tiniaeque.
889 2210 924 2219 —
939 2183 1075 2235 Plenior
1089 2184 1118 2236 et
1133 2197 1194 2237 non

683 2267 739 2322 pas
750 2253 897 2319 planior,
913 2267 969 2323 par·
984 2253 1158 2323 opposition
1178 2254 1196 2306 ii

684 2325 821 2377 densus:
833 2325 905 2377 bien
917 2339 957 2378 en
966 2324 1070 2390 cheir,
1080 2340 1196 2379 comme

684 2393 760 2448 dans
789 2410 837 2449 ces
864 2410 932 2449 vers
962 2394 1105 2458 d'Ovide‚
1136 2398 1197 2450 Ars

683 2468 753 2519 Am.
783 2465 823 2528 ΙΙ,
853 2466 933 2521 cei:
969 2468 1026 2521 Dic
1054 2467 1195 2522 hahilem

684 2551 907 2606 quaecumque
942 2539 1066 2601 brevis,
1110 2554 1195 2608 quae

686 2610 821 2676 tureida
852 2610 1014 2676 plenam,
1046 2611 1076 2664 et
1104 2613 1193 2666 Rem.

682 2679 754 2734 327:
773 2681 929 2748 Turyida,
941 2681 970 2735 si
979 2683 1082 2747 plena
1095 2685 1152 2747 est,
1165 2683 1195 2736 si

683 2750 777 2819 fusca
791 2756 848 2818 est,
866 2753 964 2819 niqra
981 2758 1122 2807 vocetur.

720 2823 935 2876 Grandiori...
952 2838 1024 2893 quo.
1041 2823 1196 2894 L'exprcs-

119 2896 151 2952 la
173 2896 350 2967 metaphore
376 2911 395 2950 a
418 2897 455 2953 de
480 2902 547 2969 trop
570 2898 632 2952 vio·
684 2893 751 2947 sion
768 2893 839 2948 elle
855 2897 1107 2966 tourmanquent
1129 2896 1196 2965 ega-

118 2969 194 3024 lent.
215 2967 301 3023 Dans
323 2982 356 3023 ee
380 2982 431 3022 eas
454 2968 477 3023 il
498 2975 544 3023 est
566 2985 635 3024 sou·
683 2964 797 3019 lenient
827 2965 863 3020 de
891 2967 1020 3027 netlete,
1049 2982 1089 3021 on
1116 2982 1197 3021 vou-

118 3044 194 3096 vent
208 3039 325 3094 assoeie
344 3053 420 3094 aveo
434 3042 549 3108 quast:
565 3044 632 3095 elo·
684 3036 784 3090 drail:
807 3052 841 3091 eo
860 3039 983 3106 orandi
994 3036 1031 3106 (i)
1051 3039 1196 3092 similior

119 3113 259 3182 quentia
275 3114 322 3165 est
337 3111 414 3165 hene
430 3114 631 3166 constitutae
684 3122 746 3177 quo
778 3110 891 3162 minus
922 3110 1084 3163 strictus:
1114 3110 1140 3162 il
1173 3124 1194 3165 a

119 3183 374 3250 civitatisquasi
385 3183 526 3237 alumna
535 3198 632 3252 quae·
684 3181 838 3234 d'autant
845 3181 923 3246 plus
938 3181 984 3233 les
994 3195 1194 3247 apparences

120 3257 211 3309 dam.
232 3251 308 3316 (Cre.
331 3255 428 3309 Brut.
453 3255 498 3322 12,
518 3255 564 3321 ia)
577 3270 585 3322 3
600 3270 633 3309 ee
684 3252 729 3303 du
754 3253 892 3305 sublime
919 3266 990 3318 que.
1017 3250 1062 3304 La
1082 3251 1195 3321 conjec-

120 3328 191 3380 sont
207 3324 238 3379 le
259 3323 312 3378 des
332 3323 500 3381 atticismes
524 3325 632 3380 cicero·
684 3325 751 3376 ture
780 3321 816 3375 de
843 3321 983 3376 Schoellz
1013 3324 1194 3391 eladialari

120 3397 220 3452 niens.
683 3394 806 3447 similis
819 3392 864 3447 lui
885 3396 931 3447 est
956 3394 1099 3463 suggeres
1122 3410 1194 3448 sans

161 3471 241 3523 Tam
256 3467 344 3521 nihil
369 3468 521 3522 otiosum.
544 3466 631 3522 sene·
684 3463 775 3518 doute
804 3479 860 3536 par
891 3479 956 3518 non
988 3466 1193 3520 athletarum

120 3537 319 3612 queparlant
340 3537 376 3593 de
400 3538 566 3605 Fabianus,
589 3554 630 3592 un
685 3537 765 3590 toris
795 3538 851 3590 sed
880 3538 1028 3590 militum
1060 3538 1193 3592 lacertis

119 3613 244 3665 orateur
259 3609 295 3665 de
311 3624 368 3664 son
386 3614 484 3680 temps
506 3609 558 3681 qui
582 3609 632 3664 n’a
683 3622 762 3674 (rpus
776 3621 842 3661 esse
860 3607 902 3676 (v.
923 3606 993 3678 plus
1009 3608 1095 3673 haut,
1111 3608 1147 3662 33
1162 3611 1191 3663 et

118 3682 185 3737 rien
200 3681 237 3736 de
252 3680 516 3751 demosthenique,
533 3681 578 3734 dit
593 3682 630 3735 de
682 3677 713 3732 la
728 3682 819 3740 notet,
832 3678 911 3732 mais
922 3694 959 3733 ne
974 3679 1192 3734 s'accomnrodo

118 3769 176 3809 son
226 3752 363 3807 discours
393 3767 399 3806 :
452 3754 629 3807 Interdum
683 3765 739 3820 pas
754 3749 970 3804 delasuitedu
985 3754 1074 3805 toxle.
1088 3752 1194 3819 Manis

117 3826 223 3880 etiosa
232 3824 500 3891 praeterlabetur
511 3825 628 3878 oratio.
683 3824 729 3875 est
744 3821 762 3874 ia
777 3823 964 3892 repperierd
979 3821 1009 3875 la
1023 3821 1081 3876 fois
1106 3823 1124 3875 a
1143 3823 1194 3891 fu·

116 3899 175 3964 Ep.
204 3899 259 3950 ad.
293 3897 365 3949 Luc.
394 3894 456 3950 100.
480 3894 526 3948 Cf.
554 3895 628 3949 Tae.
682 3908 738 3947 sus
758 3893 968 3948 etesimilis.
991 3893 1072 3948 Pour
1090 3909 1195 3961 ¹nran-

116 3965 629 4023 Diei.18:erntnm...0nosani
683 3965 734 4017 dis
751 3979 789 4017 au
815 3979 884 4017 sens
907 3964 944 4019 de
969 3966 1131 4031 sublimis,
1154 3966 1192 4020 ei.

116 4044 217 4107 utque
233 4038 454 4105 disJunctum.
682 4035 735 4090 65:
753 4037 922 4089 Comoedia
946 4040 976 4089 et
998 4038 1138 4104 orandis
1163 4042 1194 4090 et

101 4105 107 4111 ’
152 4112 187 4165 Is
206 4109 339 4164 dicendi
364 4110 492 4164 modus.
511 4106 537 4162 ll
564 4107 630 4162 lant
682 4108 814 4174 elenans
839 4112 869 4160 et
894 4113 1033 4162 venusta
1058 4113 1143 4170 (avec
1162 4107 1193 4162 la

115 4180 173 4237 lire
187 4180 259 4236 ohez
278 4178 412 4234 Fenelon
432 4195 473 4234 un
495 4178 579 4250 eloge
593 4179 629 4233 de
682 4181 763 4240 note)
778 4182 807 4232 el
820 4178 847 4246 2,
865 4179 900 4232 lli
912 4194 918 4232 :
930 4193 991 4246 pro
1006 4179 1191 4246 ¹eraiididus

116 4250 345 4316 Demosthene,
379 4250 433 4322 qui
467 4250 544 4305 n'est
573 4266 629 4322 pas
683 4250 818 4304 tumidi.
856 4249 944 4304 Saint
979 4250 1133 4320 Angustia
1175 4265 1193 4303 a

117 4322 289 4381 seulement
309 4321 383 4378 d'un
397 4321 532 4389 rheteur,
548 4322 627 4376 mais
681 4320 773 4390 garde
789 4335 821 4375 ce
844 4323 939 4376 terme
961 4321 1038 4376 dans
1060 4319 1090 4374 la
1114 4320 1192 4375 diri-
