2872 4966
656 260 836 327 -120-

259 408 395 471 enimus
409 413 510 468 totum·
521 413 619 489 potest
632 413 662 469 et
680 426 874 488 quocumque
884 410 1027 488 respexit,
1042 410 1154 472 desinit
1171 411 1285 503 intueri

208 505 249 566 24
268 506 348 585 quod
371 507 559 586 propositum
582 511 658 566 erat.
681 505 781 578 Quare
805 498 932 566 silvarn
976 508 1142 569 amoenitas
1155 515 1186 569 et
1200 529 1287 590 prae-

268 602 446 683 terlabentia
460 603 587 663 flumina
600 608 630 662 et
640 603 823 683 inspirantes
834 603 927 663 ramis
939 603 1081 664 arborum
1097 624 1189 667 aurae
1203 607 1286 668 volu·

267 720 416 780 crumque
430 708 538 762 cantus
552 707 583 762 et
604 701 669 781 ipsa
691 701 751 761 lete
772 701 1036 782 circumspiciendi
1051 703 1174 764 libertas
1197 705 1287 766 adse

268 800 406 873 trahunt,
423 805 458 861 ut
472 801 548 860 mihi
566 800 720 860 remittere
727 799 826 879 potius
837 800 974 879 voluptas
988 799 1046 861 ista
1059 801 1197 863 videatur
1206 804 1287 881 cogi-

207 896 248 958 25
268 899 411 958 tationem
434 915 527 976 quam
550 897 718 969 intendere.
743 897 963 958 Demosthenes
986 899 1106 974 melius,
1129 900 1183 978 qui
1204 901 1284 961 sein

268 994 380 1071 locum,
397 1012 434 1054 ex
448 1013 508 1073 quo
526 994 610 1055 nulla
633 993 770 1055 exaudiri
793 1013 850 1054 vox
869 1000 899 1054 et
919 1013 957 1055 ex
982 1013 1041 1074 quo
1061 996 1137 1056 nihil
1152 979 1283 1076 prospici

267 1097 379 1173 posset,
397 1091 591 1170 recondebat,
608 1111 647 1153 ne
669 1091 752 1153 aliud
767 1110 857 1168 agere
870 1098 1006 1152 mentem
1027 1100 1170 1172 cogerent
1190 1095 1280 1156 oculi.

270 1190 401 1269 Ideoque
416 1189 611 1251 lucubrantes
626 1190 783 1251 silentium
797 1191 894 1250 noctis
909 1196 939 1251 et
952 1191 1092 1252 clausum
1107 1191 1283 1254 cubiculum

206 1287 248 1349 26
270 1288 418 1349 etlumen
431 1306 530 1349 unum
543 1288 663 1351 velut...
689 1293 786 1349 rectos
808 1289 940 1349 maxime
955 1295 1067 1351 teneat.
1090 1290 1150 1351 Sed
1164 1310 1235 1352 eum
1250 1292 1282 1351 in

270 1386 353 1447 omni
368 1386 538 1446 studiorum
562 1405 685 1464 genere,
706 1391 773 1447 tum
796 1386 829 1447 in
844 1386 901 1447 hoc
925 1373 1086 1466 praecipue
1099 1387 1179 1449 bona
1199 1389 1283 1450 vale-

266 1484 351 1561 tudo,
367 1501 505 1563 quaeque
519 1503 587 1545 eam
605 1484 737 1545 maxime
756 1489 899 1563 praestat,
922 1485 1091 1562 frugalitas,
1113 1487 1285 1548 necessaria

266 1588 324 1660 est,
337 1601 408 1644 cum
422 1587 560 1662 tempora
580 1581 619 1644 ab
638 1583 704 1662 ipsa
727 1601 832 1643 rerum
851 1588 959 1644 natura
981 1583 1019 1643 ad
1042 1584 1176 1662 quietem
1190 1585 1286 1644 refec-

266 1680 442 1760 tionemque
456 1680 544 1742 nobis
558 1680 628 1741 data
647 1680 680 1740 in
700 1680 886 1740 acerrimum
908 1679 1043 1741 laborem
1066 1682 1283 1743 convertimus.

267 1778 323 1840 Cui
337 1784 441 1840 tamen
453 1784 521 1840 non'
530 1779 599 1858 plus
620 1778 817 1857 irrogandum
837 1784 884 1839 est
898 1797 992 1858 quam
1007 1779 1088 1858 quod
1112 1774 1218 1840 somno
1234 1799 1286 1841 su-

241 1946 287 2003 24.
308 1948 522 2005 Remittere...
549 1949 722 2005 intendere
770 1947 883 2004 travail
910 1946 1106 2021 (studiorum
1134 1948 1283 2022 penora),

207 2018 411 2103 Expressions
451 2020 645 2093 ompruntees
682 2035 722 2075 au
770 2027 842 2084 c’est
855 2027 884 2084 le
897 2026 1046 2084 meilleur.
1060 2028 1148 2084 Ainsi
1164 2021 1285 2098 μάλιστα

208 2094 397 2147 mamement
410 2090 447 2146 de
460 2090 543 2146 l'erc.
771 2122 809 2162 en
837 2122 933 2179 grec:
963 2111 1059 2159 πεῖσαι
1084 2101 1204 2178 μάλιστα
1232 2100 1283 2179 μὲν

243 2160 289 2217 25·
304 2163 541 2218 mmmmm·
561 2162 609 2218 Cf·
625 2161 721 2219 PLUT·
769 2181 816 2238 καὶ
845 2182 949 2247 αὐτοὺς
979 2182 1046 2248 τοὺς
1073 2181 1222 2260 ἄρχοντας,
1260 2184 1285 2240 εἰ

208 2243 297 2297 Dem.
312 2242 349 2298 7:
377 2235 407 2293 ἐκ
419 2236 524 2293 τούτου
545 2240 645 2324 (apres
667 2255 722 2296 son
771 2259 802 2318 gp
816 2262 866 2338 μὴ,
894 2263 944 2339 τὴν
967 2260 1053 2339 ἄλλην
1076 2261 1167 2321 πόλιν,
1184 2266 1281 2325 ΡΜ,

209 2313 341 2386 premier
366 2313 455 2370 dohec
483 2315 502 2368 rt
528 2311 559 2368 la
588 2311 721 2382 tribune)
770 2340 813 2395 Re
838 2338 914 2394 ,326
927 2337 964 2394 A,

208 2386 355 2461 κατάγειον
370 2387 419 2464 pe
435 2385 623 2462 ⁰l³¹⁰3⁰i²l⁰⁰ll
636 2384 721 2461 pele—
804 2409 850 2465 26.
866 2411 907 2464 In
922 2411 999 2466 boc:
1028 2408 1109 2466 Pour
1123 2425 1161 2467 ce
1170 2409 1283 2467 travail

208 2466 353 2543 τητήριον,
390 2465 405 2525 δ
434 2466 468 2544 δὴ
501 2465 651 2533 διεσώζετο
677 2467 724 2523 καὶ
771 2479 824 2536 des
838 2480 971 2537 veillees.

208 2543 268 2602 καθ’
295 2548 392 2623 ἡμᾶς.
407 2552 517 2609 G’dtait
539 2567 599 2607 une
624 2551 722 2608 cavite
804 2553 1008 2622 Frupalttac.
1058 2551 1105 2607 Ne
1145 2550 1284 2609 e’entend
1376 2580 1379 2585 ·

210 2625 399 2681 sonterraine
419 2625 458 2680 od
479 2623 623 2680 l'orateur
648 2638 723 2706 pas·
769 2637 825 2694 pas
839 2623 1008 2679 seulement
1022 2621 1160 2679 duboire
1188 2627 1218 2679 et
1241 2623 1280 2679 du

207 2695 405 2823 triturati
418 2694 723 2837 tritemius
769 2694 1171 2836 ttttt‘uttttl'tldt
1184 2693 1283 2823 page

209 2836 358 2894 s'enlever
376 2838 408 2894 la
444 2836 593 2894 ossibilite
611 2805 648 2893 de
663 2852 722 2909 pa·
768 2838 842 2906 Ape,
859 2852 924 2893 non
940 2807 1282 2906 ad-persereedbsltu-

207 2911 299 2964 rettre
314 2924 351 2965 en
366 2855 480 2983 public.
768 2909 900 2963 diorum
939 2909 1062 2964 labores
1096 2910 1282 2964 necessaria

243 2981 375 3050 cocere:
394 2997 434 3036 au
450 2996 520 3036 sens
533 2978 643 3035 adouci
663 2977 718 3035 de:
766 2977 977 3048 frupotitasl
995 2980 1079 3040 Quid
1091 2993 1165 3049 erpo
1181 2994 1222 3034 coc
1246 2981 1283 3035 ti·

202 3055 316 3119 porter
354 3051 385 3107 ὰ.
426 3051 474 3108 Cf.
507 3051 604 3108 Gonu.
640 3050 718 3106 Nur.
768 3051 879 3106 dictiue
894 3055 923 3104 ct
939 3049 1188 3118 luxuriasset?

205 3123 292 3177 Mitt.
307 3124 334 3186 7,
350 3125 386 3180 1:
407 3124 572 3179 insulas...
589 3124 634 3177 od
653 3121 719 3194 osfi·
803 3123 915 3177 Cum...
948 3123 1177 3177 convertimus.
1205 3120 1282 3177 Pro-

206 3192 295 3248 cium
303 3196 413 3251 redire
422 3196 525 3264 coepit
534 3192 718 3266 (Miltiades),
766 3193 900 3265 position
916 3192 1097 3276 explicetive
1112 3191 1149 3248 de
1170 3191 1202 3247 la
1215 3193 1281 3264 pre·

204 3278 268 3320 non
291 3281 347 3338 par
373 3264 405 3322 la
430 3266 530 3333 force,
559 3264 637 3320 meis
664 3279 720 3338 par
767 3262 891 3319 oddente
905 3279 960 3336 qm
974 3263 1282 3337 renfermeunapho-

205 3333 377 3393 l’inlluence
391 3335 515 3394 morale.
766 3334 868 3403 meme,
895 3351 938 3390 un
960 3334 1118 3406 jugement
1151 3334 1227 3390 dont
1253 3335 1282 3392 le

240 3409 367 3464 Lumen
391 3424 497 3464 unum
517 3410 595 3480 pour'
616 3408 719 3462 lucer·
767 3406 858 3462 motii
870 3406 941 3462 suit.
961 3405 1021 3462 Sur
1035 3408 1112 3462 cette
1127 3411 1281 3462 construc-

205 3493 272 3545 na,·
286 3479 366 3534 ainsi
379 3479 444 3536 Cre.
460 3481 529 3535 Dio.
543 3477 568 3542 Ι,
581 3477 617 3534 36
629 3493 636 3534 :
664 3480 718 3534 lu·
768 3477 831 3534 tion
850 3476 887 3533 de
916 3492 988 3539 cum
1019 3492 1093 3534 avec
1107 3476 1282 3548 l'indicatii,

205 3551 294 3606 mine
307 3553 488 3620 opposito„
765 3564 796 3604 v.
812 3548 850 3604 Κ.
865 3548 929 3619 885,
944 3549 973 3606 3.

245 3623 361 3684 Tecmo,
402 3638 461 3695 que
496 3621 633 3676 donnent
673 3619 717 3676 les
801 3621 860 3676 Cui
887 3641 919 3663 =
945 3619 1061 3678 labori.
1079 3650 1115 3661 -—
1130 3622 1282 3690 Irropon·

203 3690 274 3758 Me,
289 3692 395 3749 n'offre
409 3694 496 3766 point
510 3692 547 3748 de
562 3707 632 3747 sens
653 3691 719 3748 rai·
766 3692 845 3747 dum
857 3702 862 3711 ’
873 3708 913 3747 eu
938 3708 1008 3748 sens
1032 3691 1068 3748 de
1093 3693 1283 3762 impenden-

204 3763 363 3833 sonnable,
386 3781 443 3837 pas
464 3764 534 3837 plus
561 3778 717 3835 queercc·
765 3765 856 3819 dum.
886 3762 932 3818 Gi.
957 3762 1045 3820 Pmu.
1071 3762 1128 3830 Ep.
1160 3763 1194 3830 V,
1224 3763 1279 3818 16:

205 3838 262 3901 tos,
278 3836 436 3904 adrectos,
453 3840 565 3903 cretos,
583 3849 643 3907 que
656 3834 717 3890 l’on
764 3836 852 3895 Quod
867 3835 904 3889 in
919 3849 1067 3904 pommus
1082 3834 1197 3902 fluerat
1215 3847 1282 3888 ero-

200 3906 380 4031 plplroponses
394 3910 464 3962 tour
488 3908 507 3962 d
530 3909 609 4032 torar.
634 3906 717 4032 Aulec
763 3909 920 4044 ἕζῖἐιέὶιὲῧ
933 3905 1035 3961 hocin
1053 3908 1140 3959 tus...
1158 3906 1282 3974 impen-

264 3992 295 4031 m
342 3992 398 4032 ous
419 3993 469 4033 oro
494 3993 550 4033 ons
601 3992 662 4032 une
687 3993 716 4031 a·
925 4014 932 4028 .

199 4061 305 4117 cune,
327 3995 585 4119 peut-etreyoelut
606 4048 714 4120 (vicis)
796 4045 1004 4114 Supererit...
1037 4047 1162 4101 deerit:
1194 4043 1280 4100 anti-

198 4132 380 4247 tutta,
420 4209 453 4234 =
486 4191 711 4260 sitast-mm.
761 4116 849 4244 tta
865 4115 1281 4256 lletllllltflbtllttt

198 4258 291 4317 Entre
325 4265 395 4319 tous
422 4260 466 4317 les
503 4261 646 4334 procedes
675 4260 712 4316 de
760 4260 977 4329 irrependum
998 4263 1056 4323 est,
1072 4273 1173 4330 quam
1193 4259 1278 4330 quod
