2872 4966
680 307 839 372 ,pg-

277 479 425 558 quosdam
439 479 481 539 ita
495 479 611 539 deditos
626 478 683 538 sihi
697 479 797 539 adhuc
813 478 905 538 habet
919 483 1080 556 amatores
1097 486 1131 539 ut
1145 498 1217 540 eum
1232 500 1294 541 non

276 579 414 657 ejusdem
435 578 524 637 modo
548 578 848 656 99911999919911199,
865 577 918 637 sed
934 578 1077 638 omnihus
1093 579 1188 657 poetis
1203 599 1290 659 pree·

273 679 352 738 ferre
376 697 437 737 non
461 677 611 737 dubitent.
655 679 717 754 Ego
734 682 883 755 quantum
898 676 936 736 ab
952 677 1024 754 illie,
1040 684 1161 737 1991919
1177 679 1216 738 ab
1231 681 1294 739 Ho-

214 775 254 835 94
274 776 349 835 ratio
364 775 520 851 dissentio,
547 775 599 852 qui
624 775 775 835 Lucilium
803 776 947 834 fluere
975 775 1240 835 lutulentum
1264 782 1293 836 et

273 888 368 929 esse
388 869 569 947 aliquid,
597 869 706 946 quod
732 869 894 929 tollere
916 868 1069 948 999919,
1091 875 1187 948 99191.
1213 871 1293 930 Nam

274 968 402 1027 eruditio
417 968 449 1026 in
464 986 499 1027 co
513 967 590 1026 mira
601 972 631 1025 91
640 966 763 1027 libertas
777 972 867 1045 atque
882 966 953 1026 inde
968 966 1115 1026 acerbitas
1131 972 1161 1027 ct
1170 967 1293 1027 abunde

275 1066 357 1126 99119.
401 1065 534 1126 Multum
557 1085 591 1124 eo
613 1071 659 1124 est
672 1065 781 1125 tersior
793 1084 827 1124 ac
843 1065 939 1143 purus
953 1065 1051 1138 magis
1079 1065 1293 1126 Horatius

273 1170 315 1242 et,
341 1164 402 1224 nisi
427 1164 511 1224 labor
533 1163 600 1241 ejus
621 1182 733 1239 amore,
760 1163 952 1243 praecipuus
997 1164 1129 1223 Multum
1157 1169 1187 1223 et
1202 1182 1292 1224 verae

215 1332 280 1371 mes
299 1315 466 1386 metriques
493 1315 555 1369 1999
582 1314 725 1370 diverses.
774 1315 851 1370 latin
878 1314 904 1369 19
931 1314 1121 1386 sensqu’ila
1156 1315 1197 1370 rie
1213 1315 1292 1370 dans

214 1388 241 1443 Il
257 1391 337 1470 reste
346 1385 509 1481 populaire
528 1385 652 1472 91199199
671 1387 727 1441 Ro·
775 1390 862 1441 notre
876 1385 999 1480 langue,
1029 1387 1108 1469 mais
1123 1331 1292 1470 dpesignela

215 1456 728 1599 1119111119ξῖ111
775 1457 1158 1602 tacitaetacitae
1174 1458 1291 1586 tutta

215 1601 380 1667 balancant
392 1599 514 1672 999199
530 1599 610 1654 heau
628 1607 728 1672 temps
775 1601 914 1656 e'tendue.

213 1671 727 1739 19999199991999919999991199
811 1674 969 1727 Libertas.
995 1672 1042 1727 Cf.
1069 1672 1149 1728 Hoe.
1176 1674 1246 1727 Sat.
1264 1671 1290 1737 I,

215 1742 727 1815 9999911999119911999911199
773 1744 801 1807 4,
830 1744 865 1799 5:
898 1745 1005 1798 matta
1033 1759 1108 1799 curn
1140 1745 1291 1799 libertate

213 1817 231 1869 4
246 1815 323 1870 9110
339 1815 380 1870 du
401 1814 532 1886 premier
546 1813 623 1868 livre
637 1814 727 1869 d'Ho-
775 1815 1290 1871 natabant.--Acerbitas.Cf.Crc.

214 1902 292 1950 rece,
313 1902 369 1958 par
383 1884 427 1940 les
447 1885 671 2010 appreciations
691 1885 727 1941 de
774 1888 868 1940 Brut.
896 1887 941 1950 17,
967 1886 1012 1950 65,
1041 1902 1079 1941 en
1105 1886 1230 1958 pariant
1254 1886 1291 1941 de

213 1957 727 2029 119191919911991999991119-
774 1958 901 2013 Caton:
933 1959 1047 2017 Quis...
1079 1959 1227 2013 acerbior
1253 1959 1291 2011 tn

215 2031 365 2098 laqueatas
380 2045 434 2084 or:
448 2028 528 2082 99919
544 2027 727 2110 911999999-
775 2029 1002 2097 vituperando.
1029 2029 1115 2084 Getta
1142 2029 1247 2100 991919
1261 2031 1292 2084 91

212 2100 608 2170 sarituranteocutosqut
628 2100 727 2155 Luci·
775 2115 807 2155 ce
841 2099 885 2154 sel
918 2103 988 2154 sont
1021 2099 1051 2154 19
1084 2101 1291 2172 consequence

217 2175 300 2227 tiurn
322 2187 382 2242 pro
404 2171 539 2226 Horatio
562 2175 588 2223 et
606 2173 727 2226 Lucre·
776 2170 1289 2244 (19919199191199991991999919.

213 2244 296 2297 tturn
331 2258 393 2311 pro
442 2240 579 2311 19991119
618 2245 727 2312 199991
809 2244 1291 2298 1191199199991...9191199191

214 2313 280 2386 (23).
774 2329 870 2369 uerae
890 2315 1025 2383 9191199.
1053 2313 1237 2384 Negligence
1252 2313 1291 2369 de

248 2387 417 2441 Amatores.
438 2386 480 2441 Ce
495 2388 565 2440 sont
580 2384 624 2440 les
640 2387 726 2440 anti·
775 2384 1291 2456 etyle,essezfre'quentechezQuint

213 2456 601 2530 999911(8999.999.86)
624 2459 726 2511 contre
774 2473 891 2511 comme
914 2456 1031 2511 Bonnel
1057 2455 1183 2519 (Introd.
1204 2456 1291 2523 13,1)

212 2528 346 2598 lesquels
361 2530 480 2583 Horace
495 2532 565 2599 part
575 2543 612 2581 en
621 2543 726 2598 guerre
775 2546 793 2582 9
817 2544 856 2583 eu
880 2528 983 2582 raison
1005 2527 1042 2582 de
1060 2526 1088 2582 19
1102 2543 1290 2600 remarquer.

213 2603 290 2685 (1999
302 2600 420 2672 l’epitre
440 2600 458 2653 9
476 2599 614 2670 Auguste
637 2599 727 2671 (9191
810 2600 885 2654 Nisi
902 2601 989 2654 tabor
1003 2601 1032 2653 et
1047 2614 1109 2653 non
1124 2615 1199 2670 pas:
1224 2614 1290 2654 non

213 2673 474 2801 1111199999.
486 2741 589 2808 Quint.
600 2741 659 2796 aa.
667 2741 727 2795 Ho-
776 2669 1291 2814 latituraltlfielltlthltt

215 2815 510 2882 1·99919919199119;
530 2812 551 2868 11
568 2813 619 2882 n’y
637 2829 654 2866 a
671 2829 727 2884 pas
776 2817 846 2868 9991
861 2813 913 2868 (199
924 2813 1113 2868 restrictione
1125 2829 1177 2869 sur
1186 2812 1218 2868 19
1228 2829 1290 2868 919-

214 2887 340 2957 aliquid
353 2884 653 2949 dansletexte‚etau
664 2883 727 2939 1199
776 2884 863 2939 191119
888 2884 924 2939 de
948 2885 1098 2939 certainee
1113 2900 1232 2940 oeuvres
1246 2883 1291 2956 ly-

213 2961 250 3015 de
262 2956 433 3030 99919119
453 2973 471 3010 9
493 2958 603 3011 uelles:
619 2958 684 3009 Sat.
701 2956 726 3020 I,
776 2957 878 3028 riques
899 2954 1048 3011 d'Horace
1071 2955 1106 3027 (I,
1132 2956 1161 3023 8,
1184 2957 1224 3026 6),
1245 2958 1291 3011 991

212 3034 240 3091 1.
258 3034 309 3087 11;
327 3044 402 3086 cunt
416 3029 526 3097 flueret
548 3028 727 3082 lutulentus
776 3044 817 3082 un
827 3027 1015 3082 admirateur
1025 3027 1150 3090 9199919,
1162 3027 1290 3082 enthou-

213 3106 276 3158 crut
290 3103 375 3172 quod
391 3101 494 3154 tollere
514 3101 619 3153 991199.
747 3108 750 3116 ’
776 3099 868 3154 siesse
884 3098 921 3154 de
937 3115 992 3153 son
1008 3097 1114 3153 191991.
1145 3099 1191 3154 cf.
1207 3098 1290 3154 infra

255 3170 728 3242 Totterenesignifiepasspren-
775 3170 820 3224 911.
844 3170 902 3225 Sur
920 3169 951 3224 19
967 3168 1097 3225 termule
1113 3169 1180 3224 nisa¹
1201 3171 1291 3225 tabor

216 3249 273 3301 dre
293 3260 379 3315 pour
399 3245 465 3297 s’en
489 3243 605 3306 servir,
629 3241 726 3294 mais:
777 3242 806 3296 91
812 3285 817 3297 .
837 3242 888 3308 Vl,
903 3242 931 3306 3,
946 3242 975 3306 3,
992 3241 1136 3313 apropoe
1151 3241 1188 3297 de
1202 3241 1291 3296 Cicer

216 3312 727 3377 ‹ttercornrnemuuuaiaCf.I,lO‚
777 3327 854 3367 ron:
882 3315 949 3368 siae
977 3328 1087 3367 arnore
1115 3313 1290 3368 immodico

214 3389 248 3445 51
265 3391 304 3444 od
320 3387 448 3446 Horace,
464 3384 665 3454 interpretum
683 3385 729 3436 tu·
773 3385 946 3452 praecipui
969 3385 1209 3454 ineloquentia
1224 3385 1291 3438 atri

218 3462 376 3520 intentus,
400 3455 444 3511 dit
467 3456 622 3510 99199919
644 3453 729 3509 Luci-
778 3457 877 3520 tabor,
903 3459 933 3511 et
956 3454 1021 3511 Cra.
1041 3458 1135 3509 Brut.
1151 3455 1287 3518 999919

215 3531 290 3587 lius:
301 3531 461 3600 ferentem
468 3529 570 3596 ptura
583 3528 728 3580 tollenda
777 3528 952 3582 ambitione
969 3529 1044 3582 1911.

217 3600 456 3671 relinquendis,
466 3597 606 3653 different
622 3597 657 3651 de
671 3599 729 3650 Art
813 3600 1026 3668 Praecipuus.
1038 3596 1157 3669 L'eloge
1165 3597 1290 3669 9919199

212 3676 300 3743 9991.
332 3672 404 3728 308:
431 3669 493 3724 Hoc
523 3669 728 3723 1191119199
777 3668 909 3741 complet
937 3668 1010 3740 qu’il
1037 3684 1075 3724 ne
1105 3668 1221 3725 semble
1250 3685 1290 3724 au

220 3747 294 3801 19119
317 3758 449 3798 mernor.
475 3740 563 3795 Ainsi
579 3740 696 3794 Horace
713 3755 730 3794 a
776 3741 906 3813 premier
919 3740 1023 3795 ahord.
1040 3740 1082 3796 Le
1101 3756 1192 3812 genre
1214 3740 1291 3795 sati-

216 3816 318 3871 blame
346 3811 570 3870 formellement
593 3809 729 3866 Lucilius
778 3812 873 3883 rique,
899 3812 1007 3883 depuis
1030 3811 1059 3867 le
1084 3814 1175 3883 regne
1201 3810 1290 3867 d'Au-

219 3886 450 3943 etlecttssentio
466 3885 512 3938 991
525 3883 597 3937 bien
602 3883 728 3954 justitie.
777 3887 875 3954 geste,
892 3899 909 3937 9
924 3884 972 3938 919
988 3882 1098 3938 uades
1113 3882 1186 3956 plus
1202 3882 1291 3938 culti-

217 3959 265 4014 cf.
287 3956 451 4022 d'ailleurs,
474 3968 552 4025 pour
574 3952 618 4008 les
633 3953 731 4008 inter·
776 3955 830 4008 ves
846 3955 916 4009 chez
931 3953 976 4010 les
991 3954 1099 4009 Latius
1113 3970 1121 4024 ;
1138 3957 1169 4010 et
1183 3953 1289 4021 Quint.

240 4029 387 4084 relations
403 4024 590 4080 diversesdu
602 4040 729 4096 passage
777 4042 814 4081 en
834 4029 965 4080 veniant
984 4027 1102 4082 Horace
1124 4041 1241 4081 comme
1262 4024 1291 4082 le

218 4047 376 4161 S’Horace,
399 4097 535 4152 l'edition
560 4095 597 4150 de
619 4095 730 4150 Schutz
776 4096 846 4168 plus
871 4097 1015 4163 99119991,
1038 4097 1202 4169 99999119
1231 4112 1290 4152 999

219 4173 273 4244 qui
287 4168 452 4242 comprend
474 4183 590 4222 comme
606 4181 693 4221 nous.
777 4169 860 4224 19919
884 4168 1033 4225 d'oeuvres
1057 4168 1110 4240 qui
1136 4172 1291 4240 9991991-

255 4242 427 4305 Eruditio;
447 4240 484 4295 91.
501 4239 525 4304 l,
541 4238 568 4303 a,
583 4237 602 4293 8
617 4239 655 4292 od
666 4238 731 4293 Lu·
777 4240 852 4295 dues
866 4239 1071 4310 aujourd'hui.

219 4314 306 4370 cilius
328 4317 374 4368 est
395 4328 413 4366 a
436 4310 503 4382 9919
518 4311 609 4365 honio
623 4312 732 4364 eruat·
811 4315 851 4365 111
863 4326 951 4366 verae
966 4309 1292 4381 919119911101991

220 4387 380 4443 tissimus.
430 4384 534 4438 99191
560 4380 609 4435 n'a
622 4397 678 4452 999
693 4397 731 4438 99
776 4381 858 4451 fano.
873 4383 925 4451 IV,
940 4383 1161 4451 ductarum
1179 4381 1291 4441 virum
