2872 4966
639 299 819 363 -139-

182 445 331 518 videmus
348 442 521 503 decretoriis
536 447 723 518 exerceatur,
744 446 777 500 ut
798 430 906 501 fecisse
919 441 1050 501 Brutum
1064 442 1197 503 diximus

181 562 234 623 pro
250 543 370 602 Milone.
398 542 505 601 Melius
529 542 586 599 hoc
601 559 693 618 quarn
716 540 889 600 rescribere·
907 540 1059 600 veteribus
1083 542 1195 601 oratio-

179 642 281 716 nibuS,
299 647 332 700 ut
347 641 417 699 fecit
436 640 557 701 Cestius
579 646 683 700 contra
711 640 864 700 Ciceronis
886 640 1036 699 actionem
1060 640 1197 700 habitam

128 774 129 777 κ
179 761 233 820 pro
250 740 368 816 eodem,
390 758 461 798 cum
483 739 608 798 alteram
627 743 745 817 partem
769 739 842 798 satis
857 757 945 797 nosse
961 758 1021 797 non
1037 744 1137 819 posset
1161 759 1198 800 ex

179 841 241 899 sola
256 838 442 897 defensiones

220 937 316 997 Citius
340 941 442 995 autem
464 936 490 994 is
514 935 640 994 idoneus
665 934 722 993 erit
739 934 872 1014 juvenis,
899 953 991 1013 quem
1023 941 1197 1015 praeceptor
1218 934 1255 995 21

181 1035 312 1111 coegerit
336 1035 368 1093 in
392 1033 587 1093 declamando
608 1051 700 1109 quarn
726 1033 917 1092 simillimum
944 1052 1010 1093 esse
1030 1035 1147 1094 veritati
1167 1041 1196 1094 et

183 1153 236 1212 per
250 1138 327 1192 totas
347 1133 390 1190 ire
414 1131 567 1207 materias,
594 1148 725 1208 quarum
749 1150 831 1190 nunc
855 1132 998 1192 facillima
1013 1138 1042 1192 et
1066 1135 1198 1194 maxime

183 1231 355 1291 favorabilia
370 1230 547 1308 decerpunt.
565 1228 694 1288 Obstant
717 1229 802 1305 huic,
819 1230 898 1307 quod
919 1231 1050 1289 secundo
1069 1231 1132 1291 loco
1148 1252 1199 1310 po-

183 1332 242 1404 sui,
263 1331 325 1388 fere
345 1329 435 1388 turba
453 1328 672 1406 discipulorum
691 1333 720 1386 et
741 1328 927 1387 consuetudo
942 1329 1085 1388 classium
1107 1331 1198 1389 certis

182 1429 289 1488 diebus
304 1429 535 1504 audiendarum,
559 1425 698 1485 nonnihil
718 1426 809 1485 etiam
825 1428 979 1504 persuasio
999 1434 1120 1507 patrum
1136 1448 1197 1488 nu·

185 1576 276 1638 moue
310 1586 396 1637 suut.
426 1581 503 1652 De'ja
526 1579 597 1634 cheu
632 1578 696 1633 Cin.

745 1595 804 1634 rus
826 1585 912 1635 essct
930 1583 967 1635 iu
988 1583 1157 1639 Milouem.
1182 1586 1260 1640 Sue-

183 1657 256 1723 Lea.
281 1654 321 1718 II,
344 1655 388 1721 11,
412 1653 466 1707 26ῑ
502 1653 616 1706 Thales
640 1651 697 1717 qui
745 1654 816 1705 tone
839 1667 917 1706 nous
948 1655 1084 1724 apprend
1104 1654 1135 1709 la
1159 1661 1258 1712 nieme

182 1727 451 1794 sapientissimus
497 1725 534 1786 iu
576 1725 697 1789 septem
745 1723 1187 1794 chosedeCaligula.Cal.53.

181 1797 261 1867 fuit.

217 1869 413 1924 Decreloriis
426 1891 458 1914 =
473 1866 631 1931 senenses,
648 1865 697 1919 ve-

182 1940 319 2007 ritables‚
342 1940 406 2012 pris
438 1938 536 1993 subet.
564 1952 636 1993 aveo
659 1935 698 1991 el-

183 2010 260 2082 lipse
276 2011 312 2066 de
336 2012 454 2066 armis.
481 2010 528 2066 Cf.
544 2009 600 2076 VI,.
616 2009 645 2074 4,
661 2008 695 2065 6;

181 2097 395 2152 pupuamque
431 2084 527 2137 illum
557 2084 696 2136 decreto-

183 2156 271 2208 riam
288 2155 452 2221 imperitis
463 2168 502 2208 uc
516 2167 611 2220 saepe
624 2155 697 2218 pul-

184 2227 271 2279 latae
286 2227 399 2280 turbae
414 2226 620 2294 relinquunt.
634 2221 696 2279 Ail-

182 2295 263 2351 leurs
276 2312 282 2351 ι
294 2297 495 2365 pupuatoriu
512 2295 617 2366 (Suus.
628 2295 694 2351 Cal.

180 2368 226 2437 51)
238 2384 247 2436 ;
271 2367 442 2440 s'opposea
466 2369 601 2422 lusoria.
621 2367 694 2423 Suu.

779 1794 824 1849 al.
841 1794 1095 1852 Simillimum...
1108 1801 1256 1855 ueritati.

744 1864 791 1920 cf.
808 1864 877 1938 plus
892 1866 968 1922 haut
981 1867 1012 1922 17
1027 1884 1100 1924 avec
1123 1868 1154 1924 la
1176 1873 1256 1926 note.

780 1939 1000 1993 Fauorabitia.
1017 1939 1171 2011 Fre'quent
1187 1943 1257 1998 61161

744 2008 848 2073 Quint.
873 2010 926 2079 qui
950 2026 968 2064 a
995 2009 1259 2079 igalementl'ad-

744 2080 835 2134 verbe
850 2081 1079 2148 favorabiliter
1089 2101 1100 2148 ‚·
1121 2084 1258 2140 inconnu

744 2153 839 2206 avant
853 2152 971 2208 Tibere.
987 2152 1085 2208 Meme
1096 2171 1166 2210 sens
1179 2156 1256 2211 dans

743 2220 771 2276 le
786 2238 916 2293 passage
932 2224 967 2279 de
981 2224 1094 2291 Tacite,
1111 2227 1196 2281 Dial.
1217 2230 1255 2283 7:

742 2296 844 2349 Homo
869 2310 971 2350 uouus
1000 2301 1032 2351 et
1056 2298 1092 2351 iu
1121 2301 1256 2354 ciuitate

744 2366 881 2421 mimme
923 2367 1099 2435 favorabili
1144 2375 1255 2426 uatus.

88 2777 96 2794 ι
182 2725 318 2779 riualibus
333 2726 541 2779 dimicantes.

181 2442 236 2506 Ep.
249 2440 378 2506 timo:
401 2442 536 2495 Remove
560 2441 627 2494 ista
651 2441 697 2492 lu·
742 2436 823 2492 Chez
847 2437 972 2492 Ciceron
994 2454 1034 2494 011
1060 2443 1167 2495 trouve
1183 2457 1257 2497 aveo

181 2513 270 2564 soria
288 2526 396 2577 arma,
413 2513 601 2566 decretoriis
617 2527 696 2582 opus
743 2524 775 2563 oe
800 2524 869 2563 sens
892 2512 1059 2579 pretiosus
1075 2515 1105 2566 et
1122 2515 1257 2583 plausi-

182 2586 238 2636 est.
255 2581 301 2637 Cf.
318 2583 390 2637 Tne.
405 2583 490 2636 Dial.
506 2581 560 2636 34:
583 2588 696 2640 adver·
742 2581 827 2634 bilis.

181 2655 266 2706 surii
295 2658 325 2708 et
353 2655 490 2721 aemuli,
520 2652 609 2722 ferro
630 2671 695 2712 uou
779 2654 866 2711 Quod
888 2655 1117 2717 secuudoloco
1134 2657 1255 2722 posui;

743 2723 848 2777 6.-11-11.
864 2723 1033 2780 l'hahitude
1048 2725 1084 2781 de
1100 2727 1256 2782 traiterun

216 2796 379 2850 Diaimus.
394 2794 468 2849 Plus
479 2795 565 2862 haut,
582 2796 608 2861 1,
621 2795 656 2850 23
667 2798 696 2851 et
743 2795 823 2865 sujet
836 2795 854 2848 11
868 2795 941 2850 fond
958 2799 987 2850 et
1001 2811 1039 2851 611
1066 2798 1178 2853 entier:
1195 2813 1256 2866 per

179 2865 234 2930 Ill,
250 2867 285 2921 6:
307 2882 368 2934 pro
389 2868 510 2921 Milone
535 2868 629 2922 aliud
651 2869 696 2922 Ci-
744 2871 827 2920 iolas
852 2867 900 2920 ire
924 2869 1156 2924 memmasce
1181 2870 1256 2941 qu'il

180 2939 290 2992 eeroui
314 2940 427 3008 apauli
438 2940 580 3006 placuit,
599 2940 695 2993 aliud
743 2938 956 2992 recommends
975 2941 1086 3007 primo
1113 2942 1188 3007 loco,
1210 2945 1257 2996 est

180 3011 291 3064 Bruto.
743 3009 779 3063 de
795 3009 900 3064 trailer
914 3009 944 3064 la
960 3011 1172 3082 contre-partie
1183 3012 1256 3067 d'un

215 3082 399 3136 Rescribere
441 3105 473 3128 =
508 3083 694 3136 contrarias
741 3080 900 3153 plaidoyer
922 3081 1048 3138 celebre.
1076 3085 1171 3137 Meme
1198 3084 1256 3138 for-

180 3153 341 3206 ueleribus
357 3154 521 3208 orationes
544 3155 693 3209 scribere.
742 3150 824 3207 mule
849 3152 915 3216 Vll,
941 3153 968 3220 2,
994 3154 1030 3208 9:
1056 3156 1144 3214 Quod
1160 3157 1255 3210 tertio

180 3223 225 3276 Cf.
242 3223 313 3278 Suu.
331 3224 392 3280 RH.
409 3226 515 3279 Couir.
532 3223 586 3292 ΙΙΙ,
599 3225 696 3295 praef.
744 3225 808 3279 loco
829 3226 925 3291 posui
932 3242 944 3290 ,·
965 3224 1019 3292 IX,
1046 3225 1073 3289 2,
1097 3226 1131 3281 6:
1167 3229 1255 3287 Queat

179 3295 232 3348 13:
251 3294 427 3365 (Ciceronis)
451 3298 612 3350 orationes
629 3311 695 3351 uou
737 3296 848 3363 primo
870 3297 933 3350 loco
944 3298 1129 3365 posuimus.

182 3368 295 3434 lepuut
322 3368 390 3422 uisi
418 3381 473 3421 eas
494 3369 609 3438 quibus
630 3369 695 3422 Ces·
777 3368 949 3422 Classiam.
967 3368 1025 3424 Les
1034 3368 1183 3423 divisione
1198 3368 1255 3424 (111-

182 3439 249 3491 tius
266 3435 693 3507 rescripsit—CestiustL.
741 3436 842 3506 leves3
866 3438 1002 3493 insonnu
1031 3455 1105 3494 6166
1128 3455 1160 3494 66
1183 3455 1254 3495 sens

180 3507 263 3573 Pius)
280 3514 326 3564 est
341 3525 383 3563 un
398 3510 520 3564 rheteur
533 3510 694 3580 originaire
741 3513 836 3563 avant
850 3507 994 3582 l'ernpire.
1012 3510 1115 3575 Quint.
1130 3510 1155 3577 Ι,
1169 3511 1196 3576 2,
1219 3511 1255 3566 13

180 3581 215 3632 de
253 3579 381 3650 Smyrne
415 3581 469 3652 qui
503 3582 640 3653 professa
677 3582 695 3635 a
740 3580 824 3652 parte
840 3581 876 3635 de
891 3581 922 3634 la
935 3585 1077 3637 coutume
1093 3581 1254 3653 qu’ontles

178 3650 274 3705 Rome
325 3667 397 3707 sous
438 3652 597 3723 Auguste;
633 3653 693 3707 tres
740 3652 929 3722 professeurs
958 3653 994 3706 de
1032 3657 1175 3724 partager
1208 3652 1254 3709 les

178 3722 309 3777 aeharne
332 3722 490 3778 contrela
518 3726 694 3778 renommee
741 3723 838 3778 eleves
854 3739 891 3777 en
911 3723 1063 3794 plusieurs
1087 3725 1201 3779 classes
1225 3729 1255 3780 et

177 3793 213 3846 de
228 3793 365 3861 1116111611,
383 3810 414 3849 66
428 3794 481 3865 qui
496 3794 541 3848 lui
556 3795 644 3849 valui
657 3796 693 3850 de
741 3795 777 3849 de
792 3793 889 3864 re'gler
901 3795 1009 3850 l’ordre
1023 3795 1076 3850 des
1106 3795 1254 3850 declama-

176 3863 207 3917 la
219 3869 288 3936 pari
304 3865 346 3919 du
361 3865 409 3919 tils
421 3882 480 3920 une
497 3867 663 3921 correction
677 3868 694 3920 a
740 3867 821 3920 lions
837 3882 889 3920 sur
904 3866 931 3920 le
959 3883 1033 3937 rang
1047 3868 1162 3922 obtenu
1177 3867 1254 3923 dans

177 3952 273 4008 coups
294 3937 329 3991 de
355 3938 449 3992 fouet.
472 3937 508 3990 V.
524 3936 693 3992 l'aneodote
741 3953 782 3991 un
811 3938 943 3993 61616166
981 3940 1154 4006 anteusus,
1192 3940 1254 3994 afin

177 4007 247 4060 cher.
264 4008 401 4079 seneque
414 4008 441 4063 le
464 4008 542 4063 rhet.
557 4011 651 4063 Suus.
664 4011 690 4076 7,
740 4009 882 4064 d'exoiter
892 4009 1098 4066 l'emulaiion:
1114 4027 1152 4066 ea
1163 4013 1253 4067 uobis

174 4078 693 4152 13.Ρ611116161111611611(11111161-
740 4082 856 4149 iupeus
880 4084 1008 4149 palma,
1029 4085 1146 4138 ducere
1180 4098 1253 4138 vero

175 4148 442 4221 cloyerenfaveur
462 4151 498 4206 de
522 4151 628 4217 Milon,
652 4152 691 4207 cf.
739 4154 877 4207 classem
927 4155 1030 4208 mullo
1064 4154 1254 4222 pulcherri-

176 4220 216 4273 irl.
234 4222 269 4275 16
286 4237 292 4276 :
308 4224 447 4276 Memiui
465 4225 548 4292 (e'est
563 4223 690 4278 Cassius
740 4239 841 4277 mum.

175 4291 368 4364 Severusqui
383 4293 477 4366 parle)
495 4310 544 4349 me
559 4296 688 4349 lucrare
773 4295 950 4349 Persuasio
979 4324 1011 4345 =
1032 4297 1170 4364 prejupe
1197 4312 1250 4351 eu-

147 4374 151 4382 ·
175 4364 318 4419 scholam
335 4368 405 4432 eius
429 4381 503 4421 cum
527 4369 686 4423 recitatu-
738 4367 860 4433 reciae,
873 4381 904 4420 66
915 4382 972 4440 que
981 4366 1105 4422 Ciceros
1117 4368 1249 4443 appelle,

1255 4458 1352 4656 Ι

1413 4238 1417 4276 1
