2872 4966
180 733 322 815 Proxima
351 732 644 809 stilocogitatio
667 736 724 810 est,
746 715 832 808 ¹quae
861 736 892 790 et
921 731 987 810 ipsa
1010 732 1089 792 vlres
1118 732 1156 792 ab
1198 734 1216 792 1

140 831 198 890 hoc
213 831 365 910 accipitet
379 831 517 891 estinter
536 830 688 890 scribendi
708 829 842 890 laborem
862 832 1157 911 extemporalemque

141 929 295 988 fortunam
310 929 410 989 media
424 929 572 1007 quaedam
588 935 618 988 et
632 928 733 988 nescio
755 947 795 987 an
815 947 891 1012 usus
906 930 1156 1007 frequentissimi.
1226 945 1231 951 ’

142 1026 221 1085 Nam
236 1027 367 1086 scrihere
382 1045 442 1085 non
457 1026 571 1105 ubique
585 1045 641 1086 nec
657 1044 778 1104 semper
793 1022 967 1105 possumne,
985 1029 1158 1105 cogitationi

144 1125 288 1202 temporis
303 1144 337 1184 ac
351 1125 407 1183 loci
423 1120 591 1202 plurimum
604 1129 660 1183 est.
685 1125 767 1184 Haec
782 1125 887 1202 paucis
902 1126 1067 1186 admodum
1077 1128 1160 1187 horis

145 1241 271 1300 magnas
285 1223 375 1282 etiam
390 1242 497 1282 causas
512 1222 739 1301 complectitur:
757 1224 844 1301 haec,
855 1225 996 1302 quotiens
1007 1225 1160 1285 intermis-

146 1340 199 1381 sus
213 1327 259 1381 est
273 1340 409 1398 somnus,
426 1321 500 1399 ipsis
516 1321 612 1380 noctis
627 1321 760 1380 tenebris
781 1321 960 1399 adjuvatur:
987 1325 1062 1384 haec
1084 1325 1164 1384 inter

147 1421 262 1479 medios
277 1439 380 1479 rerum
394 1426 479 1480 actus
493 1420 607 1497 aliquid
622 1419 738 1480 invenit
751 1421 837 1480 vacui
853 1439 909 1480 nec
925 1423 1021 1482 otium
1036 1424 1160 1502 patitur.

147 1518 253 1595 Neque
276 1537 345 1577 vero
369 1537 472 1577 rerum
497 1516 636 1605 ordinem
660 1516 761 1592 modo,
786 1518 866 1594 quod
881 1517 982 1597 ipsum
1001 1520 1073 1580 satis
1088 1526 1163 1597 erat,
1205 1521 1226 1583 2

150 1617 230 1676 intra
245 1635 277 1676 se
291 1616 356 1694 ipsa
370 1614 514 1694 disponit,
530 1614 583 1673 sed
598 1613 689 1673 verba
704 1615 796 1674 etiam
820 1615 941 1694 copulat
955 1621 1109 1695 totamque
1124 1619 1170 1678 ita

150 1714 283 1774 contexit
306 1713 483 1790 orationem,
509 1717 543 1771 ut
559 1711 586 1770 ei
601 1710 678 1770 nihil
693 1718 812 1789 praeter
828 1731 954 1773 manum
970 1714 1067 1774 desit:
1093 1735 1166 1776 nam

152 1811 315 1870 memoriae
333 1828 453 1888 quoque
477 1809 659 1888 plerumque
680 1808 841 1869 inhaerent
856 1811 976 1872 fidelius
991 1832 1069 1891 quae
1083 1815 1167 1875 nulla

154 1908 307 1970 scribendi
323 1908 484 1967 securitate
498 1907 651 1966 laxantur.

194 2007 253 2068 Sed
278 2025 316 2066 ne
340 1997 377 2066 ad
401 2006 480 2065 hanc
501 2005 625 2083 quidem
650 2003 711 2063 vim
735 2005 885 2082 cogitandi
907 2010 1056 2086 perveniri
1072 2017 1171 2090 potest

156 2111 208 2165 aut
223 2104 322 2165 subito
335 2110 388 2164 aut
402 2103 471 2163 cito.
487 2104 566 2163 Nam
581 2103 717 2182 primum
732 2103 871 2166 facienda
885 2107 981 2167 multo
996 2109 1064 2168 stilo
1074 2111 1172 2171 forma
1212 2111 1232 2170 3

193 2303 220 2357 1.
236 2301 405 2370 Coaitatio.
421 2298 457 2354 V.
473 2298 532 2367 1,1
554 2312 628 2353 aveo
640 2296 672 2352 la

158 2373 264 2500 noto3t
277 2388 311 2499 pe
325 2375 409 2442 mot,
425 2386 503 2443 pour
517 2371 605 2436 stilo,
621 2368 666 2424 ib.

159 2447 220 2502 2et
253 2485 260 2511 ,
298 2486 304 2498 .

196 2520 235 2571 Et
250 2519 323 2584 ipsa
335 2537 364 2562 τ
379 2515 439 2569 etta
454 2513 558 2579 aussi,
571 2510 672 2569 o.·a-d.

163 2591 271 2643 autaut
299 2600 358 2658 que
383 2585 414 2640 la
439 2584 553 2640 inculte
584 2582 675 2638 d'im-

162 2659 310 2732 provisas.
325 2656 371 2711 Gt.
388 2658 414 2724 1,
426 2655 477 2711 31:
492 2656 674 2712 Historia...

164 2736 194 2787 et
210 2732 283 2798 ipsa
298 2732 328 2784 et
340 2727 371 2783 la
386 2730 467 2783 noto.

199 2804 392 2856 Fortunam.
408 2799 485 2854 L'im
509 2796 677 2854 rovisation

165 2873 283 2944 dipend
292 2873 421 2926 souvent
431 2870 472 2924 du
483 2813 596 2924 iasard
605 2868 678 2924 d'un

165 2946 312 3010 moment,
327 2941 359 2997 la
373 2940 576 3014 composition
588 2941 679 2995 ecrite

166 3019 212 3072 est
235 3015 340 3070 affaire
365 3014 402 3068 de
423 3012 540 3080 labeur,
566 3012 602 3067 de
630 3010 681 3066 rd-

166 3088 288 3143 tlexion.
315 3085 359 3141 Cf.
379 3083 450 3157 plus
474 3083 542 3150 baa,
556 3083 594 3138 6:
621 3097 681 3137 eoa-

169 3159 379 3227 temporatem
405 3156 625 3211 temeritatem
652 3155 682 3208 et

167 3233 195 3296 7,
209 3232 260 3285 13:
274 3242 457 3285 successum
473 3231 683 3295 extempora-

171 3303 243 3358 tem.

204 3385 314 3439 Media
329 3383 501 3453 quaedam.
529 3380 583 3448 XI,
597 3379 625 3446 2,
640 3379 659 3435 3
675 3393 681 3433 :

170 3457 345 3526 capitatio..
357 3455 453 3523 quasi
469 3454 579 3508 media
588 3465 684 3522 quae-

172 3531 249 3583 dam
283 3541 413 3592 manus,
450 3528 618 3592 acceptum
645 3522 684 3576 ab

171 3600 361 3654 inventione
380 3597 485 3650 tradit
499 3594 683 3650 elocutioni.

172 3672 219 3727 Cf.
243 3669 307 3724 Gra.
334 3670 372 3723 de
396 3669 483 3721 Orat.
507 3665 532 3729 Ι,
546 3665 592 3734 33,
608 3665 683 3720 150:

173 3745 208 3797 St
223 3742 366 3798 subitam
381 3744 413 3793 et
422 3738 601 3808 fortuitam
617 3749 687 3791 ora-

176 3816 297 3870 tionem
312 3810 544 3866 commentatio
560 3812 591 3863 et
606 3807 688 3876 coai-

176 3887 257 3941 tatio
272 3884 373 3954 facite
387 3882 501 3948 uincit,
524 3879 609 3935 tanc
636 3880 689 3945 ip-

719 2301 820 2356 oation
835 2303 949 2375 precise
961 2305 1014 2362 des
1024 2305 1117 2362 luttcs
1129 2306 1235 2363 re'ellcs

720 2374 761 2428 du
785 2373 897 2431 forum.
922 2375 969 2432 Cf.
995 2377 1082 2433 Pam.
1109 2381 1164 2447 Ep.
1179 2379 1234 2443 IX,

719 2445 766 2512 25,
782 2444 818 2500 3:
834 2449 932 2503 Nunc
947 2464 997 2514 mc
1012 2464 1126 2504 rerum
1140 2456 1235 2506 actus

722 2516 843 2572 rrtodice
854 2524 911 2576 sed
925 2524 1035 2576 tamen
1049 2523 1235 2591 distrinait.

721 2590 874 2643 —Otium
890 2594 1063 2648 :otiandi
1077 2595 1235 2661 spatium.

722 2659 768 2716 La
782 2661 954 2732 aonJeoture
970 2664 1006 2720 de
1022 2665 1073 2738 Sp.
1091 2679 1097 2719 :
1116 2679 1173 2720 nea
1184 2680 1238 2733 pe-

723 2733 792 2787 rire
809 2733 914 2786 otium
925 2738 1067 2804 patitur,
1089 2734 1168 2791 n’est
1181 2752 1238 2808 pas
1308 2761 1311 2766 ’

725 2804 744 2858 a
758 2803 932 2874 dedaignor.

760 2874 788 2929 2.
814 2877 903 2931 Satis
926 2882 1008 2946 erat,
1029 2893 1146 2934 comme
1169 2878 1240 2950 plus

726 2946 813 3014 haut,
828 2946 856 3012 5,
873 2948 908 3002 7:
925 2948 979 3018 fas
999 2956 1081 3004 erat.
1096 2949 1244 3006 Indicatif

727 3033 767 3073 au
787 3012 849 3072 lieu
864 3018 905 3073 du
920 3020 1099 3092 auhjonctit.

764 3091 903 3145 Praeter
918 3105 1056 3148 manum
1070 3099 1243 3162 :praeter

729 3162 856 3216 stilum.
872 3160 919 3216 af.
936 3164 964 3230 1,
980 3163 1015 3218 97
1030 3181 1036 3221 :
1052 3168 1190 3220 Summa
1205 3167 1243 3220 in

730 3233 917 3288 eacotendts
943 3240 1092 3302 operibus
1122 3251 1243 3292 manus

731 3308 760 3359 et
775 3303 841 3358 Cra.
861 3306 955 3359 Brut.
971 3305 1017 3373 32,
1033 3311 1087 3366 126
1101 3323 1107 3363 :
1122 3310 1244 3364 Manus

731 3379 881 3430 eatrema
897 3392 961 3431 non
984 3382 1122 3438 accessit
1142 3380 1244 3448 operi-

732 3448 790 3501 bus
805 3449 886 3514 ejus.

767 3518 1177 3575 Nultascrtbendiseaurit
1203 3525 1243 3576 te.

733 3589 865 3656 Socrate,
896 3590 973 3646 dans
999 3590 1027 3646 le
1055 3591 1182 3647 Phedre
1209 3592 1246 3648 de

733 3661 854 3729 Platon,
871 3661 1070 3734 deploratae
1099 3662 1169 3718 titre
1182 3662 1248 3718 l'in·
1266 3695 1269 3700 .

734 3734 859 3788 vention
874 3739 973 3789 meme
988 3734 1024 3790 de
1039 3733 1205 3806 l'eoritur03
1217 3752 1248 3809 p.

733 3803 825 3859 arta
845 3807 874 3858 et
889 3804 969 3860 suiv.

769 3875 800 3931 3.
827 3876 1027 3931 Facienda...
1052 3876 1172 3946 forma.
1196 3876 1246 3934 Cf.

175 3972 247 4012 sam
258 3954 401 4024 profecto
416 3953 563 4007 adsidua
582 3964 621 4005 ac
635 3950 689 4003 di·
735 3947 762 4010 3,
779 3946 823 4010 28,
840 3947 1015 4016 faciendus
1035 3963 1115 4004 usus
1130 3952 1160 4004 et
1173 3949 1200 4013 3,
1216 3949 1250 4005 3:

179 4031 282 4097 tipens
304 4027 479 4093 'scriptura
509 4021 687 4090 superabit.
738 4020 824 4073 eires
853 4018 1028 4088 faciamus.
1056 4051 1090 4058 -
1114 4022 1255 4076 Forma:

213 4101 363 4153 Somnus.
373 4096 420 4151 Cf.
432 4093 502 4167 plus
512 4093 598 4159 haut,
608 4091 688 4158 325.
739 4106 779 4144 au
791 4104 863 4144 sens
879 4092 979 4145 meme
995 4092 1035 4145 ou
1052 4105 1131 4146 nous
1149 4091 1256 4146 disons

213 4173 335 4226 Rerum
348 4172 463 4231 actus,·
477 4181 520 4220 un
535 4179 595 4237 peu
609 4162 692 4218 diffe—
741 4164 773 4217 ta
786 4160 891 4230 forme
907 4161 948 4215 du
968 4161 1106 4216 discours
1121 4177 1177 4234 par
1199 4178 1258 4234 op-

179 4243 246 4296 rent
261 4240 298 4295 de
312 4242 424 4294 actum
439 4238 490 4292 rei
502 4236 556 4308 qui
567 4238 613 4291 est
621 4233 692 4307 plus
739 4232 874 4305 position
889 4247 963 4288 aveo
978 4235 1005 4287 te
1017 4232 1109 4301 fond.
1121 4231 1256 4288 Ailleurs

179 4313 266 4380 haut,
280 4311 307 4375 1,
321 4309 367 4366 31.
392 4307 435 4365 Ioi
449 4319 523 4365 aueo
536 4305 693 4378 111131111-
742 4302 790 4376 (V,
806 4303 851 4373 10,
865 4302 911 4376 62)
932 4303 1036 4370 Quint.
1057 4303 1145 4376 apres
1169 4303 1258 4362 aioa-
